price|quantity|type|timestamp
90563000|0.1102|1|2024-04-27 17:01:48.918937
90566000|0.0637|1|2024-04-27 17:01:48.918937
90598000|0.314|1|2024-04-27 17:01:48.918937
90671000|0.0784|1|2024-04-27 17:01:48.918937
90672000|0.4467|1|2024-04-27 17:01:48.918937
90570000|0.1739|1|2024-04-27 17:01:54.056475
90571000|0.314|1|2024-04-27 17:01:54.056475
90611000|0.314|1|2024-04-27 17:01:54.056475
90656000|0.481|1|2024-04-27 17:01:54.056475
90674000|0.0465|1|2024-04-27 17:01:54.056475
90570000|0.1739|1|2024-04-27 17:01:59.189295
90571000|0.314|1|2024-04-27 17:01:59.189295
90611000|0.314|1|2024-04-27 17:01:59.189295
90656000|0.481|1|2024-04-27 17:01:59.189295
90674000|0.0465|1|2024-04-27 17:01:59.189295
90570000|0.1739|1|2024-04-27 17:02:04.333420
90571000|0.314|1|2024-04-27 17:02:04.333420
90611000|0.314|1|2024-04-27 17:02:04.333420
90656000|0.481|1|2024-04-27 17:02:04.333420
90674000|0.0465|1|2024-04-27 17:02:04.333420
90569000|0.002|1|2024-04-27 17:02:09.440736
90570000|0.1728|1|2024-04-27 17:02:09.440736
90571000|0.314|1|2024-04-27 17:02:09.440736
90611000|0.314|1|2024-04-27 17:02:09.440736
90656000|0.481|1|2024-04-27 17:02:09.440736
90568000|0.1103|1|2024-04-27 17:02:14.564657
90570000|0.0625|1|2024-04-27 17:02:14.564657
90571000|0.314|1|2024-04-27 17:02:14.564657
90611000|0.314|1|2024-04-27 17:02:14.564657
90656000|0.481|1|2024-04-27 17:02:14.564657
90566000|0.002|1|2024-04-27 17:02:19.716440
90567000|0.1103|1|2024-04-27 17:02:19.716440
90570000|0.0625|1|2024-04-27 17:02:19.716440
90571000|0.314|1|2024-04-27 17:02:19.716440
90611000|0.314|1|2024-04-27 17:02:19.716440
90564000|0.002|1|2024-04-27 17:02:24.840173
90565000|0.0001|1|2024-04-27 17:02:24.840173
90570000|0.0625|1|2024-04-27 17:02:24.840173
90571000|0.314|1|2024-04-27 17:02:24.840173
90611000|0.314|1|2024-04-27 17:02:24.840173
90562000|0.002|1|2024-04-27 17:02:29.953562
90570000|0.0625|1|2024-04-27 17:02:29.953562
90571000|0.314|1|2024-04-27 17:02:29.953562
90611000|0.314|1|2024-04-27 17:02:29.953562
90656000|0.481|1|2024-04-27 17:02:29.953562
90560000|0.1123|1|2024-04-27 17:02:35.066878
90570000|0.0625|1|2024-04-27 17:02:35.066878
90571000|0.314|1|2024-04-27 17:02:35.066878
90611000|0.314|1|2024-04-27 17:02:35.066878
90656000|0.481|1|2024-04-27 17:02:35.066878
90559000|0.0004|1|2024-04-27 17:02:40.184039
90570000|0.0625|1|2024-04-27 17:02:40.184039
90583000|0.314|1|2024-04-27 17:02:40.184039
90610000|0.0861|1|2024-04-27 17:02:40.184039
90611000|0.314|1|2024-04-27 17:02:40.184039
90567000|0.0001|1|2024-04-27 17:02:45.299248
90579000|0.0637|1|2024-04-27 17:02:45.299248
90589000|0.1102|1|2024-04-27 17:02:45.299248
90598000|0.314|1|2024-04-27 17:02:45.299248
90634000|0.314|1|2024-04-27 17:02:45.299248
90566000|0.0001|1|2024-04-27 17:02:50.406475
90581000|0.0637|1|2024-04-27 17:02:50.406475
90583000|0.1102|1|2024-04-27 17:02:50.406475
90598000|0.314|1|2024-04-27 17:02:50.406475
90634000|0.314|1|2024-04-27 17:02:50.406475
90566000|0.0001|1|2024-04-27 17:02:55.516249
90588000|0.1102|1|2024-04-27 17:02:55.516249
90609000|0.0861|1|2024-04-27 17:02:55.516249
90610000|0.314|1|2024-04-27 17:02:55.516249
90634000|0.314|1|2024-04-27 17:02:55.516249
90566000|0.0014|1|2024-04-27 17:03:00.622544
90609000|0.0861|1|2024-04-27 17:03:00.622544
90610000|0.314|1|2024-04-27 17:03:00.622544
90634000|0.314|1|2024-04-27 17:03:00.622544
90664000|0.0015|1|2024-04-27 17:03:00.622544
90566000|0.0014|1|2024-04-27 17:03:05.752058
90610000|0.1102|1|2024-04-27 17:03:05.752058
90634000|0.0861|1|2024-04-27 17:03:05.752058
90635000|0.314|1|2024-04-27 17:03:05.752058
90664000|0.0015|1|2024-04-27 17:03:05.752058
90566000|0.0014|1|2024-04-27 17:03:10.861878
90599000|0.1102|1|2024-04-27 17:03:10.861878
90608000|0.0895|1|2024-04-27 17:03:10.861878
90611000|0.0637|1|2024-04-27 17:03:10.861878
90635000|0.314|1|2024-04-27 17:03:10.861878
90566000|0.0014|1|2024-04-27 17:03:15.979544
90664000|0.0015|1|2024-04-27 17:03:15.979544
90670000|0.1154|1|2024-04-27 17:03:15.979544
90671000|0.314|1|2024-04-27 17:03:15.979544
90685000|0.001|1|2024-04-27 17:03:15.979544
90564000|0.002|1|2024-04-27 17:03:21.089669
90565000|0.0001|1|2024-04-27 17:03:21.089669
90566000|0.0013|1|2024-04-27 17:03:21.089669
90599000|0.0637|1|2024-04-27 17:03:21.089669
90601000|0.1102|1|2024-04-27 17:03:21.089669
90563000|0.002|1|2024-04-27 17:03:26.211582
90564000|0.0001|1|2024-04-27 17:03:26.211582
90566000|0.0013|1|2024-04-27 17:03:26.211582
90630000|0.131|1|2024-04-27 17:03:26.211582
90631000|0.314|1|2024-04-27 17:03:26.211582
90561000|0.002|1|2024-04-27 17:03:31.327004
90628000|0.0905|1|2024-04-27 17:03:31.327004
90629000|0.0637|1|2024-04-27 17:03:31.327004
90645000|0.314|1|2024-04-27 17:03:31.327004
90664000|0.0015|1|2024-04-27 17:03:31.327004
90625000|0.1102|1|2024-04-27 17:03:36.436300
90626000|0.002|1|2024-04-27 17:03:36.436300
90629000|0.0637|1|2024-04-27 17:03:36.436300
90644000|0.0905|1|2024-04-27 17:03:36.436300
90645000|0.314|1|2024-04-27 17:03:36.436300
90624000|0.002|1|2024-04-27 17:03:41.559503
90625000|0.1102|1|2024-04-27 17:03:41.559503
90629000|0.0637|1|2024-04-27 17:03:41.559503
90644000|0.0905|1|2024-04-27 17:03:41.559503
90645000|0.314|1|2024-04-27 17:03:41.559503
90628000|0.1122|1|2024-04-27 17:03:46.664315
90629000|0.0637|1|2024-04-27 17:03:46.664315
90644000|0.0905|1|2024-04-27 17:03:46.664315
90645000|0.314|1|2024-04-27 17:03:46.664315
90664000|0.0015|1|2024-04-27 17:03:46.664315
90628000|0.1122|1|2024-04-27 17:03:51.776600
90629000|0.0637|1|2024-04-27 17:03:51.776600
90644000|0.133|1|2024-04-27 17:03:51.776600
90645000|0.314|1|2024-04-27 17:03:51.776600
90664000|0.0015|1|2024-04-27 17:03:51.776600
90628000|0.002|1|2024-04-27 17:03:56.901734
90629000|0.0637|1|2024-04-27 17:03:56.901734
90644000|0.133|1|2024-04-27 17:03:56.901734
90645000|0.314|1|2024-04-27 17:03:56.901734
90664000|0.0015|1|2024-04-27 17:03:56.901734
90628000|0.002|1|2024-04-27 17:04:02.020403
90629000|0.0637|1|2024-04-27 17:04:02.020403
90631000|0.1102|1|2024-04-27 17:04:02.020403
90644000|0.133|1|2024-04-27 17:04:02.020403
90645000|0.314|1|2024-04-27 17:04:02.020403
90628000|0.002|1|2024-04-27 17:04:07.132083
90629000|0.0637|1|2024-04-27 17:04:07.132083
90636000|0.1102|1|2024-04-27 17:04:07.132083
90649000|0.133|1|2024-04-27 17:04:07.132083
90650000|0.314|1|2024-04-27 17:04:07.132083
90647000|0.1102|1|2024-04-27 17:04:12.242678
90649000|0.0637|1|2024-04-27 17:04:12.242678
90650000|0.314|1|2024-04-27 17:04:12.242678
90664000|0.0015|1|2024-04-27 17:04:12.242678
90685000|0.001|1|2024-04-27 17:04:12.242678
90645000|0.1092|1|2024-04-27 17:04:17.351498
90649000|0.0637|1|2024-04-27 17:04:17.351498
90650000|0.314|1|2024-04-27 17:04:17.351498
90664000|0.0015|1|2024-04-27 17:04:17.351498
90685000|0.001|1|2024-04-27 17:04:17.351498
90643000|0.1104|1|2024-04-27 17:04:22.464289
90649000|0.0637|1|2024-04-27 17:04:22.464289
90650000|0.314|1|2024-04-27 17:04:22.464289
90664000|0.0015|1|2024-04-27 17:04:22.464289
90685000|0.001|1|2024-04-27 17:04:22.464289
90641000|0.1104|1|2024-04-27 17:04:27.602766
90649000|0.0637|1|2024-04-27 17:04:27.602766
90650000|0.314|1|2024-04-27 17:04:27.602766
90664000|0.0015|1|2024-04-27 17:04:27.602766
90685000|0.001|1|2024-04-27 17:04:27.602766
90637000|0.1102|1|2024-04-27 17:04:32.713063
90638000|0.0007|1|2024-04-27 17:04:32.713063
90649000|0.0637|1|2024-04-27 17:04:32.713063
90650000|0.314|1|2024-04-27 17:04:32.713063
90664000|0.0015|1|2024-04-27 17:04:32.713063
90637000|0.1104|1|2024-04-27 17:04:37.823433
90638000|0.0005|1|2024-04-27 17:04:37.823433
90649000|0.0637|1|2024-04-27 17:04:37.823433
90650000|0.314|1|2024-04-27 17:04:37.823433
90664000|0.0015|1|2024-04-27 17:04:37.823433
90633000|0.1102|1|2024-04-27 17:04:42.939058
90634000|0.002|1|2024-04-27 17:04:42.939058
90649000|0.0637|1|2024-04-27 17:04:42.939058
90650000|0.314|1|2024-04-27 17:04:42.939058
90664000|0.0015|1|2024-04-27 17:04:42.939058
90630000|0.0637|1|2024-04-27 17:04:48.068457
90631000|0.1124|1|2024-04-27 17:04:48.068457
90632000|0.0005|1|2024-04-27 17:04:48.068457
90649000|0.1323|1|2024-04-27 17:04:48.068457
90650000|0.314|1|2024-04-27 17:04:48.068457
90646000|0.1102|1|2024-04-27 17:04:53.222951
90647000|0.002|1|2024-04-27 17:04:53.222951
90648000|0.0637|1|2024-04-27 17:04:53.222951
90650000|0.314|1|2024-04-27 17:04:53.222951
90664000|0.0015|1|2024-04-27 17:04:53.222951
90644000|0.1102|1|2024-04-27 17:04:58.422228
90645000|0.002|1|2024-04-27 17:04:58.422228
90646000|0.0005|1|2024-04-27 17:04:58.422228
90648000|0.0637|1|2024-04-27 17:04:58.422228
90649000|0.1323|1|2024-04-27 17:04:58.422228
90580000|0.004|1|2024-04-27 17:05:03.544882
90629000|0.0637|1|2024-04-27 17:05:03.544882
90649000|0.1323|1|2024-04-27 17:05:03.544882
90650000|0.314|1|2024-04-27 17:05:03.544882
90664000|0.0015|1|2024-04-27 17:05:03.544882
90579000|0.0021|1|2024-04-27 17:05:08.654855
90580000|0.0019|1|2024-04-27 17:05:08.654855
90623000|0.1323|1|2024-04-27 17:05:08.654855
90624000|0.1102|1|2024-04-27 17:05:08.654855
90628000|0.0005|1|2024-04-27 17:05:08.654855
90580000|0.0019|1|2024-04-27 17:05:13.887983
90628000|0.0005|1|2024-04-27 17:05:13.887983
90629000|0.0637|1|2024-04-27 17:05:13.887983
90649000|0.1323|1|2024-04-27 17:05:13.887983
90650000|0.314|1|2024-04-27 17:05:13.887983
90580000|0.0019|1|2024-04-27 17:05:19.011360
90619000|0.0063|1|2024-04-27 17:05:19.011360
90628000|0.0005|1|2024-04-27 17:05:19.011360
90649000|0.1323|1|2024-04-27 17:05:19.011360
90650000|0.314|1|2024-04-27 17:05:19.011360
90580000|0.0014|1|2024-04-27 17:05:24.126082
90619000|0.0063|1|2024-04-27 17:05:24.126082
90625000|0.1102|1|2024-04-27 17:05:24.126082
90628000|0.0005|1|2024-04-27 17:05:24.126082
90649000|0.1323|1|2024-04-27 17:05:24.126082
90580000|0.0014|1|2024-04-27 17:05:29.239290
90619000|0.0063|1|2024-04-27 17:05:29.239290
90628000|0.0005|1|2024-04-27 17:05:29.239290
90649000|0.1323|1|2024-04-27 17:05:29.239290
90650000|0.314|1|2024-04-27 17:05:29.239290
90619000|0.0053|1|2024-04-27 17:05:34.352403
90628000|0.0005|1|2024-04-27 17:05:34.352403
90649000|0.1323|1|2024-04-27 17:05:34.352403
90650000|0.314|1|2024-04-27 17:05:34.352403
90664000|0.0015|1|2024-04-27 17:05:34.352403
90619000|0.0053|1|2024-04-27 17:05:39.472162
90627000|0.1102|1|2024-04-27 17:05:39.472162
90628000|0.0005|1|2024-04-27 17:05:39.472162
90649000|0.1323|1|2024-04-27 17:05:39.472162
90650000|0.314|1|2024-04-27 17:05:39.472162
90627000|0.1104|1|2024-04-27 17:05:44.584585
90628000|0.0005|1|2024-04-27 17:05:44.584585
90649000|0.1325|1|2024-04-27 17:05:44.584585
90650000|0.314|1|2024-04-27 17:05:44.584585
90664000|0.0015|1|2024-04-27 17:05:44.584585
90627000|0.0002|1|2024-04-27 17:05:49.703249
90628000|0.1107|1|2024-04-27 17:05:49.703249
90633000|0.0637|1|2024-04-27 17:05:49.703249
90649000|0.1325|1|2024-04-27 17:05:49.703249
90650000|0.314|1|2024-04-27 17:05:49.703249
90627000|0.1104|1|2024-04-27 17:05:54.809790
90628000|0.0005|1|2024-04-27 17:05:54.809790
90633000|0.0637|1|2024-04-27 17:05:54.809790
90649000|0.1325|1|2024-04-27 17:05:54.809790
90650000|0.314|1|2024-04-27 17:05:54.809790
90627000|0.1102|1|2024-04-27 17:05:59.916117
90628000|0.0005|1|2024-04-27 17:05:59.916117
90633000|0.0637|1|2024-04-27 17:05:59.916117
90649000|0.1325|1|2024-04-27 17:05:59.916117
90650000|0.314|1|2024-04-27 17:05:59.916117
90627000|0.1102|1|2024-04-27 17:06:05.031439
90628000|0.0005|1|2024-04-27 17:06:05.031439
90633000|0.0884|1|2024-04-27 17:06:05.031439
90649000|0.133|1|2024-04-27 17:06:05.031439
90650000|0.314|1|2024-04-27 17:06:05.031439
90626000|0.0001|1|2024-04-27 17:06:10.142255
90627000|0.1102|1|2024-04-27 17:06:10.142255
90628000|0.0005|1|2024-04-27 17:06:10.142255
90633000|0.0884|1|2024-04-27 17:06:10.142255
90649000|0.133|1|2024-04-27 17:06:10.142255
90586000|0.4808|1|2024-04-27 17:06:15.248761
90627000|0.0|1|2024-04-27 17:06:15.248761
90628000|0.0005|1|2024-04-27 17:06:15.248761
90633000|0.0247|1|2024-04-27 17:06:15.248761
90663000|0.314|1|2024-04-27 17:06:15.248761
90586000|0.4806|1|2024-04-27 17:06:20.357693
90627000|0.0|1|2024-04-27 17:06:20.357693
90628000|0.0005|1|2024-04-27 17:06:20.357693
90633000|0.0247|1|2024-04-27 17:06:20.357693
90636000|0.0636|1|2024-04-27 17:06:20.357693
90585000|0.002|1|2024-04-27 17:06:25.500627
90586000|0.4786|1|2024-04-27 17:06:25.500627
90626000|0.1102|1|2024-04-27 17:06:25.500627
90627000|0.0|1|2024-04-27 17:06:25.500627
90628000|0.0005|1|2024-04-27 17:06:25.500627
90584000|0.002|1|2024-04-27 17:06:30.628490
90585000|0.0001|1|2024-04-27 17:06:30.628490
90586000|0.4786|1|2024-04-27 17:06:30.628490
90627000|0.0|1|2024-04-27 17:06:30.628490
90628000|0.0005|1|2024-04-27 17:06:30.628490
90583000|0.0017|1|2024-04-27 17:06:35.740416
90586000|0.4787|1|2024-04-27 17:06:35.740416
90627000|0.0|1|2024-04-27 17:06:35.740416
90628000|0.0005|1|2024-04-27 17:06:35.740416
90633000|0.0247|1|2024-04-27 17:06:35.740416
90582000|0.0021|1|2024-04-27 17:06:40.852577
90586000|0.4786|1|2024-04-27 17:06:40.852577
90627000|0.0|1|2024-04-27 17:06:40.852577
90628000|0.0005|1|2024-04-27 17:06:40.852577
90633000|0.0247|1|2024-04-27 17:06:40.852577
90586000|0.4786|1|2024-04-27 17:06:45.966114
90627000|0.0|1|2024-04-27 17:06:45.966114
90628000|0.0005|1|2024-04-27 17:06:45.966114
90633000|0.076|1|2024-04-27 17:06:45.966114
90662000|0.314|1|2024-04-27 17:06:45.966114
90586000|0.4786|1|2024-04-27 17:06:51.078872
90627000|0.0|1|2024-04-27 17:06:51.078872
90628000|0.0005|1|2024-04-27 17:06:51.078872
90633000|0.076|1|2024-04-27 17:06:51.078872
90662000|0.314|1|2024-04-27 17:06:51.078872
90586000|0.4786|1|2024-04-27 17:06:56.192753
90627000|0.0|1|2024-04-27 17:06:56.192753
90628000|0.0005|1|2024-04-27 17:06:56.192753
90629000|0.1102|1|2024-04-27 17:06:56.192753
90633000|0.076|1|2024-04-27 17:06:56.192753
90586000|0.4786|1|2024-04-27 17:07:01.302771
90619000|0.022|1|2024-04-27 17:07:01.302771
90627000|0.0|1|2024-04-27 17:07:01.302771
90628000|0.0005|1|2024-04-27 17:07:01.302771
90631000|0.1102|1|2024-04-27 17:07:01.302771
90586000|0.4343|1|2024-04-27 17:07:06.423765
90619000|0.022|1|2024-04-27 17:07:06.423765
90627000|0.0|1|2024-04-27 17:07:06.423765
90628000|0.0005|1|2024-04-27 17:07:06.423765
90633000|0.0247|1|2024-04-27 17:07:06.423765
90585000|0.0021|1|2024-04-27 17:07:11.552843
90586000|0.4297|1|2024-04-27 17:07:11.552843
90619000|0.022|1|2024-04-27 17:07:11.552843
90627000|0.0|1|2024-04-27 17:07:11.552843
90628000|0.0005|1|2024-04-27 17:07:11.552843
90583000|0.0001|1|2024-04-27 17:07:16.675285
90586000|0.4297|1|2024-04-27 17:07:16.675285
90619000|0.022|1|2024-04-27 17:07:16.675285
90627000|0.0|1|2024-04-27 17:07:16.675285
90628000|0.0005|1|2024-04-27 17:07:16.675285
90582000|0.0001|1|2024-04-27 17:07:21.794423
90586000|0.4299|1|2024-04-27 17:07:21.794423
90619000|0.022|1|2024-04-27 17:07:21.794423
90627000|0.0|1|2024-04-27 17:07:21.794423
90628000|0.0005|1|2024-04-27 17:07:21.794423
90581000|0.0001|1|2024-04-27 17:07:26.904146
90586000|0.4299|1|2024-04-27 17:07:26.904146
90619000|0.022|1|2024-04-27 17:07:26.904146
90627000|0.0|1|2024-04-27 17:07:26.904146
90628000|0.0005|1|2024-04-27 17:07:26.904146
90586000|0.0967|1|2024-04-27 17:07:32.019693
90619000|0.022|1|2024-04-27 17:07:32.019693
90627000|0.0|1|2024-04-27 17:07:32.019693
90628000|0.0005|1|2024-04-27 17:07:32.019693
90633000|0.0247|1|2024-04-27 17:07:32.019693
90586000|0.0967|1|2024-04-27 17:07:37.134397
90619000|0.022|1|2024-04-27 17:07:37.134397
90627000|0.0|1|2024-04-27 17:07:37.134397
90628000|0.0005|1|2024-04-27 17:07:37.134397
90633000|0.0247|1|2024-04-27 17:07:37.134397
90586000|0.0648|1|2024-04-27 17:07:42.253358
90619000|0.022|1|2024-04-27 17:07:42.253358
90627000|0.0|1|2024-04-27 17:07:42.253358
90628000|0.0005|1|2024-04-27 17:07:42.253358
90633000|0.0247|1|2024-04-27 17:07:42.253358
90586000|0.065|1|2024-04-27 17:07:47.364727
90619000|0.022|1|2024-04-27 17:07:47.364727
90627000|0.0|1|2024-04-27 17:07:47.364727
90628000|0.0005|1|2024-04-27 17:07:47.364727
90633000|0.0247|1|2024-04-27 17:07:47.364727
90600000|0.0055|1|2024-04-27 17:07:52.486642
90619000|0.022|1|2024-04-27 17:07:52.486642
90627000|0.0|1|2024-04-27 17:07:52.486642
90628000|0.0005|1|2024-04-27 17:07:52.486642
90633000|0.0247|1|2024-04-27 17:07:52.486642
90600000|0.0055|1|2024-04-27 17:07:57.601457
90619000|0.022|1|2024-04-27 17:07:57.601457
90627000|0.0|1|2024-04-27 17:07:57.601457
90628000|0.0005|1|2024-04-27 17:07:57.601457
90633000|0.0247|1|2024-04-27 17:07:57.601457
90600000|0.0057|1|2024-04-27 17:08:02.716794
90619000|0.022|1|2024-04-27 17:08:02.716794
90627000|0.0|1|2024-04-27 17:08:02.716794
90628000|0.0005|1|2024-04-27 17:08:02.716794
90633000|0.0247|1|2024-04-27 17:08:02.716794
90600000|0.0057|1|2024-04-27 17:08:07.824507
90619000|0.022|1|2024-04-27 17:08:07.824507
90627000|0.0|1|2024-04-27 17:08:07.824507
90628000|0.0005|1|2024-04-27 17:08:07.824507
90633000|0.0247|1|2024-04-27 17:08:07.824507
90600000|0.0057|1|2024-04-27 17:08:12.926675
90619000|0.022|1|2024-04-27 17:08:12.926675
90627000|0.0|1|2024-04-27 17:08:12.926675
90628000|0.0005|1|2024-04-27 17:08:12.926675
90633000|0.0247|1|2024-04-27 17:08:12.926675
90600000|0.0021|1|2024-04-27 17:08:18.074422
90619000|0.022|1|2024-04-27 17:08:18.074422
90627000|0.0|1|2024-04-27 17:08:18.074422
90628000|0.0005|1|2024-04-27 17:08:18.074422
90633000|0.0247|1|2024-04-27 17:08:18.074422
90600000|0.0021|1|2024-04-27 17:08:23.201675
90619000|0.022|1|2024-04-27 17:08:23.201675
90627000|0.0|1|2024-04-27 17:08:23.201675
90628000|0.0005|1|2024-04-27 17:08:23.201675
90633000|0.0247|1|2024-04-27 17:08:23.201675
90600000|0.0021|1|2024-04-27 17:08:28.329184
90619000|0.022|1|2024-04-27 17:08:28.329184
90627000|0.0|1|2024-04-27 17:08:28.329184
90628000|0.0005|1|2024-04-27 17:08:28.329184
90633000|0.0247|1|2024-04-27 17:08:28.329184
90600000|0.0021|1|2024-04-27 17:08:33.447664
90619000|0.022|1|2024-04-27 17:08:33.447664
90627000|0.0|1|2024-04-27 17:08:33.447664
90628000|0.0005|1|2024-04-27 17:08:33.447664
90633000|0.0247|1|2024-04-27 17:08:33.447664
90600000|0.0021|1|2024-04-27 17:08:38.574215
90619000|0.022|1|2024-04-27 17:08:38.574215
90627000|0.0|1|2024-04-27 17:08:38.574215
90628000|0.0005|1|2024-04-27 17:08:38.574215
90633000|0.0247|1|2024-04-27 17:08:38.574215
90600000|0.0021|1|2024-04-27 17:08:43.684309
90619000|0.022|1|2024-04-27 17:08:43.684309
90627000|0.0|1|2024-04-27 17:08:43.684309
90628000|0.0005|1|2024-04-27 17:08:43.684309
90633000|0.0247|1|2024-04-27 17:08:43.684309
90600000|0.0021|1|2024-04-27 17:08:48.797380
90619000|0.022|1|2024-04-27 17:08:48.797380
90627000|0.0|1|2024-04-27 17:08:48.797380
90628000|0.0005|1|2024-04-27 17:08:48.797380
90633000|0.0247|1|2024-04-27 17:08:48.797380
90600000|0.0021|1|2024-04-27 17:08:53.921543
90619000|0.022|1|2024-04-27 17:08:53.921543
90627000|0.0|1|2024-04-27 17:08:53.921543
90628000|0.0005|1|2024-04-27 17:08:53.921543
90633000|0.0247|1|2024-04-27 17:08:53.921543
90600000|0.0021|1|2024-04-27 17:08:59.045432
90619000|0.022|1|2024-04-27 17:08:59.045432
90627000|0.0|1|2024-04-27 17:08:59.045432
90628000|0.0005|1|2024-04-27 17:08:59.045432
90633000|0.0247|1|2024-04-27 17:08:59.045432
90600000|0.0002|1|2024-04-27 17:09:04.164051
90619000|0.022|1|2024-04-27 17:09:04.164051
90627000|0.0|1|2024-04-27 17:09:04.164051
90628000|0.0005|1|2024-04-27 17:09:04.164051
90633000|0.0247|1|2024-04-27 17:09:04.164051
90600000|0.0002|1|2024-04-27 17:09:09.271110
90619000|0.022|1|2024-04-27 17:09:09.271110
90627000|0.0|1|2024-04-27 17:09:09.271110
90628000|0.0005|1|2024-04-27 17:09:09.271110
90633000|0.0247|1|2024-04-27 17:09:09.271110
90600000|0.0002|1|2024-04-27 17:09:14.385062
90618000|0.1318|1|2024-04-27 17:09:14.385062
90619000|0.022|1|2024-04-27 17:09:14.385062
90627000|0.0|1|2024-04-27 17:09:14.385062
90628000|0.0005|1|2024-04-27 17:09:14.385062
90600000|0.0002|1|2024-04-27 17:09:19.500887
90616000|0.0002|1|2024-04-27 17:09:19.500887
90618000|0.0318|1|2024-04-27 17:09:19.500887
90619000|0.0355|1|2024-04-27 17:09:19.500887
90620000|0.0396|1|2024-04-27 17:09:19.500887
90600000|0.0002|1|2024-04-27 17:09:24.611102
90616000|0.0002|1|2024-04-27 17:09:24.611102
90618000|0.0318|1|2024-04-27 17:09:24.611102
90619000|0.0355|1|2024-04-27 17:09:24.611102
90620000|0.0396|1|2024-04-27 17:09:24.611102
90600000|0.0001|1|2024-04-27 17:09:29.731875
90616000|0.0002|1|2024-04-27 17:09:29.731875
90618000|0.0318|1|2024-04-27 17:09:29.731875
90619000|0.0355|1|2024-04-27 17:09:29.731875
90620000|0.0396|1|2024-04-27 17:09:29.731875
90600000|0.0001|1|2024-04-27 17:09:34.845023
90616000|0.0002|1|2024-04-27 17:09:34.845023
90618000|0.0318|1|2024-04-27 17:09:34.845023
90619000|0.0355|1|2024-04-27 17:09:34.845023
90620000|0.0396|1|2024-04-27 17:09:34.845023
90600000|0.0001|1|2024-04-27 17:09:39.961410
90616000|0.0002|1|2024-04-27 17:09:39.961410
90618000|0.0318|1|2024-04-27 17:09:39.961410
90619000|0.0355|1|2024-04-27 17:09:39.961410
90620000|0.0396|1|2024-04-27 17:09:39.961410
90596000|0.002|1|2024-04-27 17:09:45.072577
90597000|0.0002|1|2024-04-27 17:09:45.072577
90599000|0.0288|1|2024-04-27 17:09:45.072577
90600000|0.0135|1|2024-04-27 17:09:45.072577
90601000|0.0142|1|2024-04-27 17:09:45.072577
90596000|0.0002|1|2024-04-27 17:09:50.197846
90597000|0.0002|1|2024-04-27 17:09:50.197846
90599000|0.0288|1|2024-04-27 17:09:50.197846
90600000|0.0135|1|2024-04-27 17:09:50.197846
90601000|0.0142|1|2024-04-27 17:09:50.197846
90580000|0.0104|1|2024-04-27 17:09:55.317845
90581000|0.0142|1|2024-04-27 17:09:55.317845
90582000|0.0254|1|2024-04-27 17:09:55.317845
90591000|0.0001|1|2024-04-27 17:09:55.317845
90595000|0.0004|1|2024-04-27 17:09:55.317845
90575000|0.0064|1|2024-04-27 17:10:00.427062
90577000|0.0246|1|2024-04-27 17:10:00.427062
90578000|0.0254|1|2024-04-27 17:10:00.427062
90595000|0.112|1|2024-04-27 17:10:00.427062
90596000|0.1102|1|2024-04-27 17:10:00.427062
90539000|0.0104|1|2024-04-27 17:10:05.546519
90547000|0.0142|1|2024-04-27 17:10:05.546519
90552000|0.0002|1|2024-04-27 17:10:05.546519
90564000|0.1102|1|2024-04-27 17:10:05.546519
90568000|0.0254|1|2024-04-27 17:10:05.546519
90538000|0.002|1|2024-04-27 17:10:10.678876
90539000|0.0108|1|2024-04-27 17:10:10.678876
90546000|0.006|1|2024-04-27 17:10:10.678876
90547000|0.0142|1|2024-04-27 17:10:10.678876
90548000|0.0254|1|2024-04-27 17:10:10.678876
90536000|0.0254|1|2024-04-27 17:10:15.807183
90537000|0.002|1|2024-04-27 17:10:15.807183
90567000|0.0908|1|2024-04-27 17:10:15.807183
90568000|0.0254|1|2024-04-27 17:10:15.807183
90579000|0.314|1|2024-04-27 17:10:15.807183
90535000|0.002|1|2024-04-27 17:10:20.919560
90552000|0.0001|1|2024-04-27 17:10:20.919560
90567000|0.0908|1|2024-04-27 17:10:20.919560
90568000|0.0254|1|2024-04-27 17:10:20.919560
90579000|0.314|1|2024-04-27 17:10:20.919560
90577000|0.002|1|2024-04-27 17:10:26.033446
90581000|0.015|1|2024-04-27 17:10:26.033446
90591000|0.3142|1|2024-04-27 17:10:26.033446
90592000|0.8894|1|2024-04-27 17:10:26.033446
90610000|0.0002|1|2024-04-27 17:10:26.033446
90582000|0.002|1|2024-04-27 17:10:31.146917
90591000|0.0003|1|2024-04-27 17:10:31.146917
90592000|0.8894|1|2024-04-27 17:10:31.146917
90599000|0.1102|1|2024-04-27 17:10:31.146917
90605000|0.314|1|2024-04-27 17:10:31.146917
90590000|0.002|1|2024-04-27 17:10:36.260088
90591000|0.0002|1|2024-04-27 17:10:36.260088
90592000|0.8894|1|2024-04-27 17:10:36.260088
90600000|0.0001|1|2024-04-27 17:10:36.260088
90610000|0.0002|1|2024-04-27 17:10:36.260088
90592000|0.7897|1|2024-04-27 17:10:41.366674
90604000|0.0001|1|2024-04-27 17:10:41.366674
90610000|0.0002|1|2024-04-27 17:10:41.366674
90613000|0.1102|1|2024-04-27 17:10:41.366674
90618000|0.314|1|2024-04-27 17:10:41.366674
90592000|0.7897|1|2024-04-27 17:10:46.472858
90604000|0.0001|1|2024-04-27 17:10:46.472858
90606000|0.1102|1|2024-04-27 17:10:46.472858
90610000|0.0002|1|2024-04-27 17:10:46.472858
90618000|0.3777|1|2024-04-27 17:10:46.472858
90592000|0.7897|1|2024-04-27 17:10:51.589703
90604000|0.0001|1|2024-04-27 17:10:51.589703
90610000|0.0002|1|2024-04-27 17:10:51.589703
90611000|0.1102|1|2024-04-27 17:10:51.589703
90618000|0.3777|1|2024-04-27 17:10:51.589703
90590000|0.0388|1|2024-04-27 17:10:56.695742
90592000|0.7897|1|2024-04-27 17:10:56.695742
90604000|0.0001|1|2024-04-27 17:10:56.695742
90606000|0.1102|1|2024-04-27 17:10:56.695742
90610000|0.0002|1|2024-04-27 17:10:56.695742
90590000|0.0388|1|2024-04-27 17:11:01.808797
90592000|0.7897|1|2024-04-27 17:11:01.808797
90604000|0.0001|1|2024-04-27 17:11:01.808797
90610000|0.1104|1|2024-04-27 17:11:01.808797
90618000|0.3777|1|2024-04-27 17:11:01.808797
90590000|0.0388|1|2024-04-27 17:11:06.927910
90592000|0.7897|1|2024-04-27 17:11:06.927910
90602000|0.0001|1|2024-04-27 17:11:06.927910
90610000|0.0002|1|2024-04-27 17:11:06.927910
90618000|0.3777|1|2024-04-27 17:11:06.927910
90589000|0.002|1|2024-04-27 17:11:12.036886
90590000|0.0382|1|2024-04-27 17:11:12.036886
90592000|0.7897|1|2024-04-27 17:11:12.036886
90602000|0.0001|1|2024-04-27 17:11:12.036886
90610000|0.0002|1|2024-04-27 17:11:12.036886
90589000|0.002|1|2024-04-27 17:11:17.144719
90590000|0.0382|1|2024-04-27 17:11:17.144719
90592000|0.7897|1|2024-04-27 17:11:17.144719
90602000|0.0001|1|2024-04-27 17:11:17.144719
90610000|0.1104|1|2024-04-27 17:11:17.144719
90590000|0.0369|1|2024-04-27 17:11:22.262127
90592000|0.7897|1|2024-04-27 17:11:22.262127
90602000|0.0013|1|2024-04-27 17:11:22.262127
90603000|0.1102|1|2024-04-27 17:11:22.262127
90610000|0.0002|1|2024-04-27 17:11:22.262127
90590000|0.037|1|2024-04-27 17:11:27.380380
90592000|0.7897|1|2024-04-27 17:11:27.380380
90602000|0.0013|1|2024-04-27 17:11:27.380380
90610000|0.0002|1|2024-04-27 17:11:27.380380
90618000|0.4879|1|2024-04-27 17:11:27.380380
90590000|0.037|1|2024-04-27 17:11:32.490562
90592000|0.7897|1|2024-04-27 17:11:32.490562
90602000|0.0012|1|2024-04-27 17:11:32.490562
90610000|0.0003|1|2024-04-27 17:11:32.490562
90619000|0.022|1|2024-04-27 17:11:32.490562
90590000|0.037|1|2024-04-27 17:11:37.603491
90592000|0.7897|1|2024-04-27 17:11:37.603491
90595000|0.0001|1|2024-04-27 17:11:37.603491
90602000|0.0076|1|2024-04-27 17:11:37.603491
90610000|0.0002|1|2024-04-27 17:11:37.603491
90590000|0.037|1|2024-04-27 17:11:42.715875
90592000|0.7897|1|2024-04-27 17:11:42.715875
90595000|0.0001|1|2024-04-27 17:11:42.715875
90602000|0.0012|1|2024-04-27 17:11:42.715875
90603000|0.0063|1|2024-04-27 17:11:42.715875
90590000|0.0353|1|2024-04-27 17:11:47.829173
90592000|0.7897|1|2024-04-27 17:11:47.829173
90595000|0.0001|1|2024-04-27 17:11:47.829173
90602000|0.0012|1|2024-04-27 17:11:47.829173
90603000|0.1165|1|2024-04-27 17:11:47.829173
90583000|0.0063|1|2024-04-27 17:11:52.954796
90584000|0.1103|1|2024-04-27 17:11:52.954796
90590000|0.0352|1|2024-04-27 17:11:52.954796
90592000|0.7897|1|2024-04-27 17:11:52.954796
90602000|0.0012|1|2024-04-27 17:11:52.954796
90583000|0.0001|1|2024-04-27 17:11:58.067373
90584000|0.0001|1|2024-04-27 17:11:58.067373
90592000|0.7897|1|2024-04-27 17:11:58.067373
90601000|0.1102|1|2024-04-27 17:11:58.067373
90602000|0.0012|1|2024-04-27 17:11:58.067373
90584000|0.0001|1|2024-04-27 17:12:03.180163
90591000|0.0063|1|2024-04-27 17:12:03.180163
90592000|0.7903|1|2024-04-27 17:12:03.180163
90601000|0.1102|1|2024-04-27 17:12:03.180163
90602000|0.0012|1|2024-04-27 17:12:03.180163
90582000|0.0886|1|2024-04-27 17:12:08.290920
90586000|0.002|1|2024-04-27 17:12:08.290920
90587000|0.0003|1|2024-04-27 17:12:08.290920
90591000|0.0063|1|2024-04-27 17:12:08.290920
90592000|0.7903|1|2024-04-27 17:12:08.290920
90581000|0.0022|1|2024-04-27 17:12:13.414665
90582000|0.0886|1|2024-04-27 17:12:13.414665
90587000|0.0001|1|2024-04-27 17:12:13.414665
90591000|0.0063|1|2024-04-27 17:12:13.414665
90592000|0.7903|1|2024-04-27 17:12:13.414665
90580000|0.0022|1|2024-04-27 17:12:18.524967
90582000|0.0886|1|2024-04-27 17:12:18.524967
90587000|0.0001|1|2024-04-27 17:12:18.524967
90591000|0.0063|1|2024-04-27 17:12:18.524967
90592000|0.7903|1|2024-04-27 17:12:18.524967
90579000|0.0022|1|2024-04-27 17:12:23.658411
90582000|0.0886|1|2024-04-27 17:12:23.658411
90587000|0.0001|1|2024-04-27 17:12:23.658411
90591000|0.0063|1|2024-04-27 17:12:23.658411
90592000|0.7903|1|2024-04-27 17:12:23.658411
90578000|0.0022|1|2024-04-27 17:12:28.790289
90587000|0.0001|1|2024-04-27 17:12:28.790289
90591000|0.0063|1|2024-04-27 17:12:28.790289
90592000|0.7903|1|2024-04-27 17:12:28.790289
90595000|0.1102|1|2024-04-27 17:12:28.790289
90547000|0.0706|1|2024-04-27 17:12:33.917945
90587000|0.0001|1|2024-04-27 17:12:33.917945
90588000|0.1326|1|2024-04-27 17:12:33.917945
90589000|0.1102|1|2024-04-27 17:12:33.917945
90591000|0.0065|1|2024-04-27 17:12:33.917945
90546000|0.0002|1|2024-04-27 17:12:39.031051
90547000|0.0703|1|2024-04-27 17:12:39.031051
90587000|0.0001|1|2024-04-27 17:12:39.031051
90591000|0.1391|1|2024-04-27 17:12:39.031051
90592000|0.7903|1|2024-04-27 17:12:39.031051
90547000|0.0539|1|2024-04-27 17:12:44.177136
90587000|0.0001|1|2024-04-27 17:12:44.177136
90591000|0.1391|1|2024-04-27 17:12:44.177136
90592000|0.7903|1|2024-04-27 17:12:44.177136
90602000|0.0012|1|2024-04-27 17:12:44.177136
90547000|0.0541|1|2024-04-27 17:12:49.285492
90591000|0.0002|1|2024-04-27 17:12:49.285492
90592000|0.7903|1|2024-04-27 17:12:49.285492
90598000|0.0001|1|2024-04-27 17:12:49.285492
90602000|0.0012|1|2024-04-27 17:12:49.285492
90546000|0.0389|1|2024-04-27 17:12:54.396282
90547000|0.0539|1|2024-04-27 17:12:54.396282
90591000|0.131|1|2024-04-27 17:12:54.396282
90592000|0.7903|1|2024-04-27 17:12:54.396282
90598000|0.0001|1|2024-04-27 17:12:54.396282
90592000|0.7744|1|2024-04-27 17:12:59.507766
90598000|0.0001|1|2024-04-27 17:12:59.507766
90602000|0.0012|1|2024-04-27 17:12:59.507766
90607000|0.1102|1|2024-04-27 17:12:59.507766
90610000|0.0002|1|2024-04-27 17:12:59.507766
90592000|0.7744|1|2024-04-27 17:13:04.620830
90598000|0.0001|1|2024-04-27 17:13:04.620830
90602000|0.0012|1|2024-04-27 17:13:04.620830
90607000|0.1102|1|2024-04-27 17:13:04.620830
90610000|0.0002|1|2024-04-27 17:13:04.620830
90592000|0.7744|1|2024-04-27 17:13:09.748542
90595000|0.0001|1|2024-04-27 17:13:09.748542
90602000|0.0012|1|2024-04-27 17:13:09.748542
90608000|0.1102|1|2024-04-27 17:13:09.748542
90610000|0.0002|1|2024-04-27 17:13:09.748542
90548000|0.0|1|2024-04-27 17:13:14.857285
90591000|0.0005|1|2024-04-27 17:13:14.857285
90592000|0.7744|1|2024-04-27 17:13:14.857285
90595000|0.0001|1|2024-04-27 17:13:14.857285
90602000|0.0012|1|2024-04-27 17:13:14.857285
90548000|0.0|1|2024-04-27 17:13:19.994899
90591000|0.0005|1|2024-04-27 17:13:19.994899
90592000|0.7744|1|2024-04-27 17:13:19.994899
90602000|0.0012|1|2024-04-27 17:13:19.994899
90610000|0.0002|1|2024-04-27 17:13:19.994899
90590000|0.002|1|2024-04-27 17:13:25.110491
90591000|0.0005|1|2024-04-27 17:13:25.110491
90592000|0.7744|1|2024-04-27 17:13:25.110491
90602000|0.0012|1|2024-04-27 17:13:25.110491
90610000|0.0002|1|2024-04-27 17:13:25.110491
90590000|0.002|1|2024-04-27 17:13:30.221094
90591000|0.0005|1|2024-04-27 17:13:30.221094
90592000|0.7744|1|2024-04-27 17:13:30.221094
90602000|0.0012|1|2024-04-27 17:13:30.221094
90610000|0.0002|1|2024-04-27 17:13:30.221094
90590000|0.002|1|2024-04-27 17:13:35.360108
90591000|0.0005|1|2024-04-27 17:13:35.360108
90592000|0.7744|1|2024-04-27 17:13:35.360108
90602000|0.0012|1|2024-04-27 17:13:35.360108
90610000|0.0002|1|2024-04-27 17:13:35.360108
90590000|0.002|1|2024-04-27 17:13:40.496148
90591000|0.0005|1|2024-04-27 17:13:40.496148
90592000|0.7744|1|2024-04-27 17:13:40.496148
90602000|0.0012|1|2024-04-27 17:13:40.496148
90610000|0.0002|1|2024-04-27 17:13:40.496148
90590000|0.002|1|2024-04-27 17:13:45.618835
90591000|0.0005|1|2024-04-27 17:13:45.618835
90592000|0.7744|1|2024-04-27 17:13:45.618835
90602000|0.0012|1|2024-04-27 17:13:45.618835
90610000|0.0002|1|2024-04-27 17:13:45.618835
90590000|0.0636|1|2024-04-27 17:13:50.780216
90591000|0.0005|1|2024-04-27 17:13:50.780216
90592000|0.7744|1|2024-04-27 17:13:50.780216
90602000|0.0012|1|2024-04-27 17:13:50.780216
90610000|0.0002|1|2024-04-27 17:13:50.780216
90590000|0.0639|1|2024-04-27 17:13:55.919616
90591000|0.0005|1|2024-04-27 17:13:55.919616
90592000|0.7744|1|2024-04-27 17:13:55.919616
90602000|0.0012|1|2024-04-27 17:13:55.919616
90610000|0.0002|1|2024-04-27 17:13:55.919616
90589000|0.0001|1|2024-04-27 17:14:01.042333
90590000|0.0639|1|2024-04-27 17:14:01.042333
90591000|0.0005|1|2024-04-27 17:14:01.042333
90592000|0.7744|1|2024-04-27 17:14:01.042333
90602000|0.0012|1|2024-04-27 17:14:01.042333
90588000|0.0001|1|2024-04-27 17:14:06.157929
90590000|0.0639|1|2024-04-27 17:14:06.157929
90591000|0.0005|1|2024-04-27 17:14:06.157929
90592000|0.7744|1|2024-04-27 17:14:06.157929
90602000|0.0012|1|2024-04-27 17:14:06.157929
90586000|0.002|1|2024-04-27 17:14:11.365667
90587000|0.0001|1|2024-04-27 17:14:11.365667
90590000|0.0639|1|2024-04-27 17:14:11.365667
90591000|0.0005|1|2024-04-27 17:14:11.365667
90592000|0.7744|1|2024-04-27 17:14:11.365667
90585000|0.0021|1|2024-04-27 17:14:16.495576
90590000|0.0639|1|2024-04-27 17:14:16.495576
90591000|0.0005|1|2024-04-27 17:14:16.495576
90592000|0.7744|1|2024-04-27 17:14:16.495576
90602000|0.0012|1|2024-04-27 17:14:16.495576
90584000|0.0021|1|2024-04-27 17:14:21.611557
90590000|0.0639|1|2024-04-27 17:14:21.611557
90592000|0.7744|1|2024-04-27 17:14:21.611557
90602000|0.0012|1|2024-04-27 17:14:21.611557
90605000|0.0011|1|2024-04-27 17:14:21.611557
90582000|0.0021|1|2024-04-27 17:14:26.729591
90583000|0.0005|1|2024-04-27 17:14:26.729591
90590000|0.0002|1|2024-04-27 17:14:26.729591
90592000|0.7744|1|2024-04-27 17:14:26.729591
90602000|0.0012|1|2024-04-27 17:14:26.729591
90581000|0.0021|1|2024-04-27 17:14:31.844554
90583000|0.0005|1|2024-04-27 17:14:31.844554
90590000|0.0002|1|2024-04-27 17:14:31.844554
90592000|0.7744|1|2024-04-27 17:14:31.844554
90602000|0.0012|1|2024-04-27 17:14:31.844554
90580000|0.0021|1|2024-04-27 17:14:36.954958
90590000|0.0002|1|2024-04-27 17:14:36.954958
90592000|0.0006|1|2024-04-27 17:14:36.954958
90602000|0.0012|1|2024-04-27 17:14:36.954958
90605000|0.0011|1|2024-04-27 17:14:36.954958
90579000|0.0001|1|2024-04-27 17:14:42.060224
90590000|0.0002|1|2024-04-27 17:14:42.060224
90592000|0.0006|1|2024-04-27 17:14:42.060224
90602000|0.0012|1|2024-04-27 17:14:42.060224
90605000|0.0011|1|2024-04-27 17:14:42.060224
90578000|0.0001|1|2024-04-27 17:14:47.167245
90590000|0.0002|1|2024-04-27 17:14:47.167245
90592000|0.0006|1|2024-04-27 17:14:47.167245
90602000|0.0012|1|2024-04-27 17:14:47.167245
90605000|0.0011|1|2024-04-27 17:14:47.167245
90577000|0.0001|1|2024-04-27 17:14:52.293467
90590000|0.0002|1|2024-04-27 17:14:52.293467
90592000|0.0006|1|2024-04-27 17:14:52.293467
90602000|0.0012|1|2024-04-27 17:14:52.293467
90605000|0.0011|1|2024-04-27 17:14:52.293467
90576000|0.0001|1|2024-04-27 17:14:57.408950
90590000|0.0002|1|2024-04-27 17:14:57.408950
90592000|0.0006|1|2024-04-27 17:14:57.408950
90602000|0.0012|1|2024-04-27 17:14:57.408950
90605000|0.0011|1|2024-04-27 17:14:57.408950
90575000|0.0001|1|2024-04-27 17:15:02.525103
90590000|0.0002|1|2024-04-27 17:15:02.525103
90592000|0.0006|1|2024-04-27 17:15:02.525103
90602000|0.0012|1|2024-04-27 17:15:02.525103
90605000|0.0011|1|2024-04-27 17:15:02.525103
90573000|0.002|1|2024-04-27 17:15:07.657195
90574000|0.0001|1|2024-04-27 17:15:07.657195
90590000|0.0002|1|2024-04-27 17:15:07.657195
90592000|0.0006|1|2024-04-27 17:15:07.657195
90602000|0.0012|1|2024-04-27 17:15:07.657195
90572000|0.002|1|2024-04-27 17:15:12.768327
90590000|0.0002|1|2024-04-27 17:15:12.768327
90592000|0.0006|1|2024-04-27 17:15:12.768327
90602000|0.0012|1|2024-04-27 17:15:12.768327
90610000|0.0002|1|2024-04-27 17:15:12.768327
90589000|0.002|1|2024-04-27 17:15:17.880613
90590000|0.0002|1|2024-04-27 17:15:17.880613
90592000|0.0006|1|2024-04-27 17:15:17.880613
90602000|0.0012|1|2024-04-27 17:15:17.880613
90610000|0.0002|1|2024-04-27 17:15:17.880613
90589000|0.002|1|2024-04-27 17:15:22.992045
90590000|0.0002|1|2024-04-27 17:15:22.992045
90592000|0.0006|1|2024-04-27 17:15:22.992045
90602000|0.0012|1|2024-04-27 17:15:22.992045
90610000|0.0002|1|2024-04-27 17:15:22.992045
90627000|0.0|1|2024-04-27 17:15:28.126942
90632000|0.1313|1|2024-04-27 17:15:28.126942
90633000|0.0247|1|2024-04-27 17:15:28.126942
90635000|0.0092|1|2024-04-27 17:15:28.126942
90636000|0.0011|1|2024-04-27 17:15:28.126942
90634000|0.002|1|2024-04-27 17:15:33.247521
90660000|0.1299|1|2024-04-27 17:15:33.247521
90661000|0.314|1|2024-04-27 17:15:33.247521
90664000|0.0015|1|2024-04-27 17:15:33.247521
90684000|0.5998|1|2024-04-27 17:15:33.247521
90576000|0.0002|1|2024-04-27 17:15:38.355429
90631000|0.002|1|2024-04-27 17:15:38.355429
90634000|0.1312|1|2024-04-27 17:15:38.355429
90635000|0.0636|1|2024-04-27 17:15:38.355429
90638000|0.3142|1|2024-04-27 17:15:38.355429
90575000|0.0002|1|2024-04-27 17:15:43.462953
90638000|0.0002|1|2024-04-27 17:15:43.462953
90664000|0.0015|1|2024-04-27 17:15:43.462953
90671000|0.1313|1|2024-04-27 17:15:43.462953
90672000|0.0536|1|2024-04-27 17:15:43.462953
90574000|0.0002|1|2024-04-27 17:15:48.581377
90629000|0.0063|1|2024-04-27 17:15:48.581377
90638000|0.0002|1|2024-04-27 17:15:48.581377
90664000|0.0015|1|2024-04-27 17:15:48.581377
90668000|0.1312|1|2024-04-27 17:15:48.581377
90573000|0.0002|1|2024-04-27 17:15:53.707558
90630000|0.0063|1|2024-04-27 17:15:53.707558
90638000|0.0002|1|2024-04-27 17:15:53.707558
90664000|0.0015|1|2024-04-27 17:15:53.707558
90668000|0.1312|1|2024-04-27 17:15:53.707558
90572000|0.0002|1|2024-04-27 17:15:58.834163
90630000|0.0063|1|2024-04-27 17:15:58.834163
90638000|0.0002|1|2024-04-27 17:15:58.834163
90664000|0.0015|1|2024-04-27 17:15:58.834163
90668000|0.1312|1|2024-04-27 17:15:58.834163
90571000|0.0022|1|2024-04-27 17:16:03.978619
90630000|0.0063|1|2024-04-27 17:16:03.978619
90638000|0.0002|1|2024-04-27 17:16:03.978619
90664000|0.0015|1|2024-04-27 17:16:03.978619
90668000|0.1312|1|2024-04-27 17:16:03.978619
90629000|0.002|1|2024-04-27 17:16:09.120960
90630000|0.0063|1|2024-04-27 17:16:09.120960
90638000|0.131|1|2024-04-27 17:16:09.120960
90639000|0.1102|1|2024-04-27 17:16:09.120960
90664000|0.0015|1|2024-04-27 17:16:09.120960
90629000|0.1328|1|2024-04-27 17:16:14.234821
90630000|0.1165|1|2024-04-27 17:16:14.234821
90638000|0.0002|1|2024-04-27 17:16:14.234821
90664000|0.0015|1|2024-04-27 17:16:14.234821
90668000|0.1308|1|2024-04-27 17:16:14.234821
90628000|0.002|1|2024-04-27 17:16:19.349270
90629000|0.1102|1|2024-04-27 17:16:19.349270
90630000|0.0063|1|2024-04-27 17:16:19.349270
90638000|0.0002|1|2024-04-27 17:16:19.349270
90664000|0.0015|1|2024-04-27 17:16:19.349270
90629000|0.002|1|2024-04-27 17:16:24.494922
90630000|0.0063|1|2024-04-27 17:16:24.494922
90638000|0.0002|1|2024-04-27 17:16:24.494922
90640000|0.1308|1|2024-04-27 17:16:24.494922
90664000|0.0015|1|2024-04-27 17:16:24.494922
90636000|0.0523|1|2024-04-27 17:16:29.621617
90638000|0.0002|1|2024-04-27 17:16:29.621617
90664000|0.0015|1|2024-04-27 17:16:29.621617
90668000|0.1308|1|2024-04-27 17:16:29.621617
90669000|0.314|1|2024-04-27 17:16:29.621617
90635000|0.1102|1|2024-04-27 17:16:34.750632
90636000|0.0523|1|2024-04-27 17:16:34.750632
90638000|0.0002|1|2024-04-27 17:16:34.750632
90664000|0.0015|1|2024-04-27 17:16:34.750632
90668000|0.1308|1|2024-04-27 17:16:34.750632
90635000|0.0001|1|2024-04-27 17:16:39.916893
90636000|0.0523|1|2024-04-27 17:16:39.916893
90638000|0.0002|1|2024-04-27 17:16:39.916893
90664000|0.0015|1|2024-04-27 17:16:39.916893
90668000|0.1308|1|2024-04-27 17:16:39.916893
90635000|0.0001|1|2024-04-27 17:16:45.035691
90636000|0.0523|1|2024-04-27 17:16:45.035691
90638000|0.0002|1|2024-04-27 17:16:45.035691
90646000|0.1313|1|2024-04-27 17:16:45.035691
90647000|0.1102|1|2024-04-27 17:16:45.035691
90635000|0.0001|1|2024-04-27 17:16:50.188442
90636000|0.0523|1|2024-04-27 17:16:50.188442
90638000|0.0002|1|2024-04-27 17:16:50.188442
90639000|0.1102|1|2024-04-27 17:16:50.188442
90664000|0.0015|1|2024-04-27 17:16:50.188442
90634000|0.0001|1|2024-04-27 17:16:55.298646
90636000|0.0523|1|2024-04-27 17:16:55.298646
90638000|0.1104|1|2024-04-27 17:16:55.298646
90664000|0.0015|1|2024-04-27 17:16:55.298646
90668000|0.1308|1|2024-04-27 17:16:55.298646
90634000|0.2001|1|2024-04-27 17:17:00.411325
90636000|0.0523|1|2024-04-27 17:17:00.411325
90638000|0.0002|1|2024-04-27 17:17:00.411325
90639000|0.1102|1|2024-04-27 17:17:00.411325
90664000|0.0015|1|2024-04-27 17:17:00.411325
90634000|0.2001|1|2024-04-27 17:17:05.526606
90636000|0.0523|1|2024-04-27 17:17:05.526606
90638000|0.0002|1|2024-04-27 17:17:05.526606
90639000|0.1102|1|2024-04-27 17:17:05.526606
90664000|0.0015|1|2024-04-27 17:17:05.526606
90634000|0.2001|1|2024-04-27 17:17:10.632494
90636000|0.0523|1|2024-04-27 17:17:10.632494
90638000|0.0002|1|2024-04-27 17:17:10.632494
90641000|0.1102|1|2024-04-27 17:17:10.632494
90664000|0.0015|1|2024-04-27 17:17:10.632494
90634000|0.2001|1|2024-04-27 17:17:15.759421
90635000|0.1102|1|2024-04-27 17:17:15.759421
90636000|0.0523|1|2024-04-27 17:17:15.759421
90638000|0.0002|1|2024-04-27 17:17:15.759421
90664000|0.0015|1|2024-04-27 17:17:15.759421
90634000|0.2001|1|2024-04-27 17:17:20.909322
90635000|0.1102|1|2024-04-27 17:17:20.909322
90636000|0.0523|1|2024-04-27 17:17:20.909322
90638000|0.0002|1|2024-04-27 17:17:20.909322
90664000|0.0015|1|2024-04-27 17:17:20.909322
90633000|0.2001|1|2024-04-27 17:17:26.045865
90636000|0.0523|1|2024-04-27 17:17:26.045865
90637000|0.1102|1|2024-04-27 17:17:26.045865
90638000|0.0002|1|2024-04-27 17:17:26.045865
90664000|0.0015|1|2024-04-27 17:17:26.045865
90633000|0.3103|1|2024-04-27 17:17:31.168657
90636000|0.0523|1|2024-04-27 17:17:31.168657
90638000|0.0002|1|2024-04-27 17:17:31.168657
90664000|0.0015|1|2024-04-27 17:17:31.168657
90669000|0.314|1|2024-04-27 17:17:31.168657
90631000|0.3103|1|2024-04-27 17:17:36.281621
90636000|0.0523|1|2024-04-27 17:17:36.281621
90638000|0.0002|1|2024-04-27 17:17:36.281621
90664000|0.0015|1|2024-04-27 17:17:36.281621
90669000|0.314|1|2024-04-27 17:17:36.281621
90628000|0.002|1|2024-04-27 17:17:41.432793
90629000|0.2001|1|2024-04-27 17:17:41.432793
90632000|0.1102|1|2024-04-27 17:17:41.432793
90636000|0.0523|1|2024-04-27 17:17:41.432793
90638000|0.0002|1|2024-04-27 17:17:41.432793
90627000|0.0021|1|2024-04-27 17:17:46.601599
90628000|0.1102|1|2024-04-27 17:17:46.601599
90636000|0.0523|1|2024-04-27 17:17:46.601599
90638000|0.0002|1|2024-04-27 17:17:46.601599
90664000|0.0015|1|2024-04-27 17:17:46.601599
90626000|0.002|1|2024-04-27 17:17:51.736501
90627000|0.1999|1|2024-04-27 17:17:51.736501
90636000|0.0523|1|2024-04-27 17:17:51.736501
90638000|0.0002|1|2024-04-27 17:17:51.736501
90664000|0.0015|1|2024-04-27 17:17:51.736501
90625000|0.202|1|2024-04-27 17:17:56.850758
90626000|0.0002|1|2024-04-27 17:17:56.850758
90635000|0.1102|1|2024-04-27 17:17:56.850758
90636000|0.0457|1|2024-04-27 17:17:56.850758
90638000|0.0002|1|2024-04-27 17:17:56.850758
90624000|0.2021|1|2024-04-27 17:18:01.988352
90626000|0.0002|1|2024-04-27 17:18:01.988352
90633000|0.1102|1|2024-04-27 17:18:01.988352
90636000|0.0457|1|2024-04-27 17:18:01.988352
90638000|0.0002|1|2024-04-27 17:18:01.988352
90623000|0.2001|1|2024-04-27 17:18:07.136960
90624000|0.0199|1|2024-04-27 17:18:07.136960
90626000|0.0002|1|2024-04-27 17:18:07.136960
90632000|0.1298|1|2024-04-27 17:18:07.136960
90633000|0.1102|1|2024-04-27 17:18:07.136960
90622000|0.2001|1|2024-04-27 17:18:12.285487
90624000|0.0199|1|2024-04-27 17:18:12.285487
90626000|0.0002|1|2024-04-27 17:18:12.285487
90631000|0.1298|1|2024-04-27 17:18:12.285487
90632000|0.1102|1|2024-04-27 17:18:12.285487
90621000|0.2001|1|2024-04-27 17:18:17.400868
90624000|0.0199|1|2024-04-27 17:18:17.400868
90625000|0.1102|1|2024-04-27 17:18:17.400868
90626000|0.0002|1|2024-04-27 17:18:17.400868
90636000|0.0457|1|2024-04-27 17:18:17.400868
90618000|0.002|1|2024-04-27 17:18:22.510457
90619000|0.3103|1|2024-04-27 17:18:22.510457
90624000|0.0199|1|2024-04-27 17:18:22.510457
90626000|0.0002|1|2024-04-27 17:18:22.510457
90636000|0.0457|1|2024-04-27 17:18:22.510457
90617000|0.002|1|2024-04-27 17:18:27.641494
90618000|0.3103|1|2024-04-27 17:18:27.641494
90624000|0.0199|1|2024-04-27 17:18:27.641494
90626000|0.0002|1|2024-04-27 17:18:27.641494
90636000|0.0457|1|2024-04-27 17:18:27.641494
90615000|0.1104|1|2024-04-27 17:18:32.759792
90616000|0.002|1|2024-04-27 17:18:32.759792
90623000|0.1298|1|2024-04-27 17:18:32.759792
90624000|0.0199|1|2024-04-27 17:18:32.759792
90626000|0.0002|1|2024-04-27 17:18:32.759792
90613000|0.3103|1|2024-04-27 17:18:37.877857
90614000|0.0021|1|2024-04-27 17:18:37.877857
90623000|0.1298|1|2024-04-27 17:18:37.877857
90624000|0.0199|1|2024-04-27 17:18:37.877857
90626000|0.0002|1|2024-04-27 17:18:37.877857
90612000|0.2021|1|2024-04-27 17:18:42.993036
90624000|0.0199|1|2024-04-27 17:18:42.993036
90626000|0.0002|1|2024-04-27 17:18:42.993036
90635000|0.1298|1|2024-04-27 17:18:42.993036
90636000|0.0457|1|2024-04-27 17:18:42.993036
90611000|0.2021|1|2024-04-27 17:18:48.114960
90618000|0.1103|1|2024-04-27 17:18:48.114960
90623000|0.1298|1|2024-04-27 17:18:48.114960
90624000|0.0199|1|2024-04-27 17:18:48.114960
90626000|0.0002|1|2024-04-27 17:18:48.114960
90610000|0.2021|1|2024-04-27 17:18:53.231680
90617000|0.1298|1|2024-04-27 17:18:53.231680
90618000|0.1103|1|2024-04-27 17:18:53.231680
90624000|0.0199|1|2024-04-27 17:18:53.231680
90626000|0.0002|1|2024-04-27 17:18:53.231680
90609000|0.2001|1|2024-04-27 17:18:58.346239
90617000|0.1298|1|2024-04-27 17:18:58.346239
90618000|0.1103|1|2024-04-27 17:18:58.346239
90624000|0.0199|1|2024-04-27 17:18:58.346239
90626000|0.0002|1|2024-04-27 17:18:58.346239
90608000|0.2001|1|2024-04-27 17:19:03.460067
90618000|0.1103|1|2024-04-27 17:19:03.460067
90624000|0.0199|1|2024-04-27 17:19:03.460067
90626000|0.0002|1|2024-04-27 17:19:03.460067
90636000|0.0457|1|2024-04-27 17:19:03.460067
90607000|0.1993|1|2024-04-27 17:19:08.572963
90618000|0.1103|1|2024-04-27 17:19:08.572963
90624000|0.0199|1|2024-04-27 17:19:08.572963
90626000|0.0002|1|2024-04-27 17:19:08.572963
90636000|0.0457|1|2024-04-27 17:19:08.572963
90607000|0.1824|1|2024-04-27 17:19:13.684418
90622000|0.1294|1|2024-04-27 17:19:13.684418
90623000|0.1103|1|2024-04-27 17:19:13.684418
90624000|0.0199|1|2024-04-27 17:19:13.684418
90626000|0.0002|1|2024-04-27 17:19:13.684418
90607000|0.179|1|2024-04-27 17:19:18.795927
90622000|0.1103|1|2024-04-27 17:19:18.795927
90624000|0.0199|1|2024-04-27 17:19:18.795927
90626000|0.0002|1|2024-04-27 17:19:18.795927
90636000|0.0457|1|2024-04-27 17:19:18.795927
90607000|0.1739|1|2024-04-27 17:19:23.908566
90619000|0.1103|1|2024-04-27 17:19:23.908566
90624000|0.0199|1|2024-04-27 17:19:23.908566
90626000|0.0002|1|2024-04-27 17:19:23.908566
90636000|0.0457|1|2024-04-27 17:19:23.908566
90607000|0.1741|1|2024-04-27 17:19:29.037840
90619000|0.1103|1|2024-04-27 17:19:29.037840
90624000|0.0199|1|2024-04-27 17:19:29.037840
90626000|0.0002|1|2024-04-27 17:19:29.037840
90636000|0.0457|1|2024-04-27 17:19:29.037840
90607000|0.1741|1|2024-04-27 17:19:34.152803
90619000|0.1103|1|2024-04-27 17:19:34.152803
90624000|0.0199|1|2024-04-27 17:19:34.152803
90626000|0.0002|1|2024-04-27 17:19:34.152803
90636000|0.0457|1|2024-04-27 17:19:34.152803
90607000|0.1741|1|2024-04-27 17:19:39.264981
90624000|0.1302|1|2024-04-27 17:19:39.264981
90626000|0.0002|1|2024-04-27 17:19:39.264981
90636000|0.0457|1|2024-04-27 17:19:39.264981
90638000|0.0002|1|2024-04-27 17:19:39.264981
90607000|0.1741|1|2024-04-27 17:19:44.376505
90622000|0.1103|1|2024-04-27 17:19:44.376505
90624000|0.0199|1|2024-04-27 17:19:44.376505
90626000|0.0002|1|2024-04-27 17:19:44.376505
90636000|0.0457|1|2024-04-27 17:19:44.376505
90571000|0.0013|1|2024-04-27 17:19:49.493320
90607000|0.174|1|2024-04-27 17:19:49.493320
90624000|0.0199|1|2024-04-27 17:19:49.493320
90626000|0.0002|1|2024-04-27 17:19:49.493320
90636000|0.0457|1|2024-04-27 17:19:49.493320
90571000|0.1754|1|2024-04-27 17:19:54.606048
90623000|0.1294|1|2024-04-27 17:19:54.606048
90624000|0.0199|1|2024-04-27 17:19:54.606048
90626000|0.0002|1|2024-04-27 17:19:54.606048
90636000|0.0457|1|2024-04-27 17:19:54.606048
90571000|0.1774|1|2024-04-27 17:19:59.756936
90623000|0.1294|1|2024-04-27 17:19:59.756936
90624000|0.0199|1|2024-04-27 17:19:59.756936
90626000|0.0002|1|2024-04-27 17:19:59.756936
90636000|0.0457|1|2024-04-27 17:19:59.756936
90571000|0.0001|1|2024-04-27 17:20:04.881529
90624000|0.0199|1|2024-04-27 17:20:04.881529
90626000|0.0002|1|2024-04-27 17:20:04.881529
90638000|0.0002|1|2024-04-27 17:20:04.881529
90642000|0.0199|1|2024-04-27 17:20:04.881529
90624000|0.1302|1|2024-04-27 17:20:09.994564
90626000|0.0002|1|2024-04-27 17:20:09.994564
90638000|0.0002|1|2024-04-27 17:20:09.994564
90664000|0.0015|1|2024-04-27 17:20:09.994564
90666000|0.0001|1|2024-04-27 17:20:09.994564
90624000|0.1302|1|2024-04-27 17:20:15.134743
90626000|0.0002|1|2024-04-27 17:20:15.134743
90638000|0.0002|1|2024-04-27 17:20:15.134743
90664000|0.0015|1|2024-04-27 17:20:15.134743
90666000|0.0001|1|2024-04-27 17:20:15.134743
90624000|0.1302|1|2024-04-27 17:20:20.252310
90626000|0.0002|1|2024-04-27 17:20:20.252310
90638000|0.0002|1|2024-04-27 17:20:20.252310
90664000|0.0015|1|2024-04-27 17:20:20.252310
90666000|0.0001|1|2024-04-27 17:20:20.252310
90624000|0.1302|1|2024-04-27 17:20:25.364913
90626000|0.0002|1|2024-04-27 17:20:25.364913
90638000|0.0002|1|2024-04-27 17:20:25.364913
90664000|0.0015|1|2024-04-27 17:20:25.364913
90666000|0.0001|1|2024-04-27 17:20:25.364913
90624000|0.1303|1|2024-04-27 17:20:30.481779
90626000|0.0002|1|2024-04-27 17:20:30.481779
90638000|0.0002|1|2024-04-27 17:20:30.481779
90664000|0.0015|1|2024-04-27 17:20:30.481779
90666000|0.0001|1|2024-04-27 17:20:30.481779
90624000|0.02|1|2024-04-27 17:20:35.600517
90626000|0.0002|1|2024-04-27 17:20:35.600517
90631000|0.1102|1|2024-04-27 17:20:35.600517
90638000|0.0002|1|2024-04-27 17:20:35.600517
90664000|0.0015|1|2024-04-27 17:20:35.600517
90624000|0.02|1|2024-04-27 17:20:40.736646
90626000|0.0002|1|2024-04-27 17:20:40.736646
90631000|0.1102|1|2024-04-27 17:20:40.736646
90638000|0.0002|1|2024-04-27 17:20:40.736646
90664000|0.0015|1|2024-04-27 17:20:40.736646
90624000|0.02|1|2024-04-27 17:20:45.933274
90626000|0.0002|1|2024-04-27 17:20:45.933274
90631000|0.1102|1|2024-04-27 17:20:45.933274
90638000|0.0002|1|2024-04-27 17:20:45.933274
90664000|0.0015|1|2024-04-27 17:20:45.933274
90626000|0.0002|1|2024-04-27 17:20:51.068041
90631000|0.1102|1|2024-04-27 17:20:51.068041
90638000|0.0002|1|2024-04-27 17:20:51.068041
90664000|0.0015|1|2024-04-27 17:20:51.068041
90674000|0.0001|1|2024-04-27 17:20:51.068041
90626000|0.0002|1|2024-04-27 17:20:56.194228
90631000|0.1102|1|2024-04-27 17:20:56.194228
90638000|0.0002|1|2024-04-27 17:20:56.194228
90664000|0.0015|1|2024-04-27 17:20:56.194228
90674000|0.0001|1|2024-04-27 17:20:56.194228
90626000|0.0002|1|2024-04-27 17:21:01.313019
90631000|0.1102|1|2024-04-27 17:21:01.313019
90638000|0.0002|1|2024-04-27 17:21:01.313019
90664000|0.0015|1|2024-04-27 17:21:01.313019
90674000|0.0001|1|2024-04-27 17:21:01.313019
90626000|0.0002|1|2024-04-27 17:21:06.425743
90638000|0.0002|1|2024-04-27 17:21:06.425743
90645000|0.1102|1|2024-04-27 17:21:06.425743
90664000|0.0015|1|2024-04-27 17:21:06.425743
90674000|0.0001|1|2024-04-27 17:21:06.425743
90624000|0.001|1|2024-04-27 17:21:11.574095
90625000|0.0001|1|2024-04-27 17:21:11.574095
90626000|0.0001|1|2024-04-27 17:21:11.574095
90638000|0.0002|1|2024-04-27 17:21:11.574095
90648000|0.1102|1|2024-04-27 17:21:11.574095
90626000|0.0001|1|2024-04-27 17:21:16.688867
90638000|0.0002|1|2024-04-27 17:21:16.688867
90664000|0.0015|1|2024-04-27 17:21:16.688867
90685000|0.001|1|2024-04-27 17:21:16.688867
90686000|0.0002|1|2024-04-27 17:21:16.688867
90638000|0.0002|1|2024-04-27 17:21:21.820511
90664000|0.0015|1|2024-04-27 17:21:21.820511
90669000|0.1102|1|2024-04-27 17:21:21.820511
90680000|0.0001|1|2024-04-27 17:21:21.820511
90685000|0.001|1|2024-04-27 17:21:21.820511
90637000|0.002|1|2024-04-27 17:21:26.929986
90638000|0.0002|1|2024-04-27 17:21:26.929986
90663000|0.1102|1|2024-04-27 17:21:26.929986
90664000|0.0015|1|2024-04-27 17:21:26.929986
90681000|0.0001|1|2024-04-27 17:21:26.929986
90637000|0.002|1|2024-04-27 17:21:32.063563
90638000|0.0002|1|2024-04-27 17:21:32.063563
90645000|0.1102|1|2024-04-27 17:21:32.063563
90664000|0.0015|1|2024-04-27 17:21:32.063563
90681000|0.0001|1|2024-04-27 17:21:32.063563
90637000|0.002|1|2024-04-27 17:21:37.199037
90638000|0.0002|1|2024-04-27 17:21:37.199037
90658000|0.1102|1|2024-04-27 17:21:37.199037
90664000|0.0015|1|2024-04-27 17:21:37.199037
90681000|0.0001|1|2024-04-27 17:21:37.199037
90637000|0.002|1|2024-04-27 17:21:42.314763
90638000|0.0002|1|2024-04-27 17:21:42.314763
90657000|0.1102|1|2024-04-27 17:21:42.314763
90664000|0.0015|1|2024-04-27 17:21:42.314763
90677000|0.0063|1|2024-04-27 17:21:42.314763
90637000|0.002|1|2024-04-27 17:21:47.499305
90638000|0.0002|1|2024-04-27 17:21:47.499305
90664000|0.0015|1|2024-04-27 17:21:47.499305
90676000|0.1102|1|2024-04-27 17:21:47.499305
90677000|0.0063|1|2024-04-27 17:21:47.499305
90637000|0.002|1|2024-04-27 17:21:52.616449
90638000|0.0002|1|2024-04-27 17:21:52.616449
90655000|0.1102|1|2024-04-27 17:21:52.616449
90664000|0.0015|1|2024-04-27 17:21:52.616449
90677000|0.0063|1|2024-04-27 17:21:52.616449
90638000|0.0002|1|2024-04-27 17:21:57.739026
90655000|0.1102|1|2024-04-27 17:21:57.739026
90664000|0.0015|1|2024-04-27 17:21:57.739026
90677000|0.0063|1|2024-04-27 17:21:57.739026
90681000|0.0001|1|2024-04-27 17:21:57.739026
90638000|0.0002|1|2024-04-27 17:22:02.939082
90664000|0.0015|1|2024-04-27 17:22:02.939082
90669000|0.1102|1|2024-04-27 17:22:02.939082
90685000|0.001|1|2024-04-27 17:22:02.939082
90686000|0.0002|1|2024-04-27 17:22:02.939082
90638000|0.0002|1|2024-04-27 17:22:08.054839
90660000|0.1102|1|2024-04-27 17:22:08.054839
90664000|0.0015|1|2024-04-27 17:22:08.054839
90681000|0.0001|1|2024-04-27 17:22:08.054839
90685000|0.001|1|2024-04-27 17:22:08.054839
90638000|0.0002|1|2024-04-27 17:22:13.164232
90664000|0.0015|1|2024-04-27 17:22:13.164232
90667000|0.1102|1|2024-04-27 17:22:13.164232
90681000|0.0001|1|2024-04-27 17:22:13.164232
90685000|0.001|1|2024-04-27 17:22:13.164232
90636000|0.0001|1|2024-04-27 17:22:18.308400
90638000|0.0002|1|2024-04-27 17:22:18.308400
90664000|0.0015|1|2024-04-27 17:22:18.308400
90667000|0.1102|1|2024-04-27 17:22:18.308400
90681000|0.0001|1|2024-04-27 17:22:18.308400
90635000|0.0001|1|2024-04-27 17:22:23.423537
90637000|0.0011|1|2024-04-27 17:22:23.423537
90638000|0.0002|1|2024-04-27 17:22:23.423537
90664000|0.0015|1|2024-04-27 17:22:23.423537
90667000|0.1102|1|2024-04-27 17:22:23.423537
90637000|0.0011|1|2024-04-27 17:22:28.556801
90638000|0.0002|1|2024-04-27 17:22:28.556801
90662000|0.0063|1|2024-04-27 17:22:28.556801
90664000|0.0015|1|2024-04-27 17:22:28.556801
90684000|0.0001|1|2024-04-27 17:22:28.556801
90637000|0.0012|1|2024-04-27 17:22:33.672497
90638000|0.0002|1|2024-04-27 17:22:33.672497
90653000|0.1102|1|2024-04-27 17:22:33.672497
90662000|0.0063|1|2024-04-27 17:22:33.672497
90664000|0.0015|1|2024-04-27 17:22:33.672497
90625000|0.0001|1|2024-04-27 17:22:38.788424
90637000|0.0011|1|2024-04-27 17:22:38.788424
90638000|0.0065|1|2024-04-27 17:22:38.788424
90664000|0.0015|1|2024-04-27 17:22:38.788424
90685000|0.001|1|2024-04-27 17:22:38.788424
90624000|0.0001|1|2024-04-27 17:22:43.902903
90635000|0.1102|1|2024-04-27 17:22:43.902903
90637000|0.0011|1|2024-04-27 17:22:43.902903
90638000|0.0065|1|2024-04-27 17:22:43.902903
90664000|0.0015|1|2024-04-27 17:22:43.902903
90623000|0.0001|1|2024-04-27 17:22:49.070760
90637000|0.0011|1|2024-04-27 17:22:49.070760
90638000|0.0002|1|2024-04-27 17:22:49.070760
90640000|0.0063|1|2024-04-27 17:22:49.070760
90664000|0.0015|1|2024-04-27 17:22:49.070760
90622000|0.0001|1|2024-04-27 17:22:54.224065
90637000|0.0011|1|2024-04-27 17:22:54.224065
90638000|0.0002|1|2024-04-27 17:22:54.224065
90641000|0.1102|1|2024-04-27 17:22:54.224065
90642000|0.0063|1|2024-04-27 17:22:54.224065
90620000|0.002|1|2024-04-27 17:22:59.335472
90621000|0.0001|1|2024-04-27 17:22:59.335472
90637000|0.0011|1|2024-04-27 17:22:59.335472
90638000|0.0002|1|2024-04-27 17:22:59.335472
90641000|0.1102|1|2024-04-27 17:22:59.335472
90619000|0.002|1|2024-04-27 17:23:04.449430
90637000|0.0011|1|2024-04-27 17:23:04.449430
90638000|0.0002|1|2024-04-27 17:23:04.449430
90652000|0.1102|1|2024-04-27 17:23:04.449430
90664000|0.0015|1|2024-04-27 17:23:04.449430
90618000|0.002|1|2024-04-27 17:23:09.585960
90637000|0.0011|1|2024-04-27 17:23:09.585960
90638000|0.0002|1|2024-04-27 17:23:09.585960
90651000|0.1102|1|2024-04-27 17:23:09.585960
90656000|0.0063|1|2024-04-27 17:23:09.585960
90617000|0.0021|1|2024-04-27 17:23:14.705113
90637000|0.0011|1|2024-04-27 17:23:14.705113
90638000|0.0002|1|2024-04-27 17:23:14.705113
90649000|0.1102|1|2024-04-27 17:23:14.705113
90657000|0.0063|1|2024-04-27 17:23:14.705113
90616000|0.0021|1|2024-04-27 17:23:19.832126
90637000|0.0011|1|2024-04-27 17:23:19.832126
90638000|0.0002|1|2024-04-27 17:23:19.832126
90651000|0.1102|1|2024-04-27 17:23:19.832126
90657000|0.0063|1|2024-04-27 17:23:19.832126
90637000|0.0011|1|2024-04-27 17:23:24.941412
90638000|0.0002|1|2024-04-27 17:23:24.941412
90664000|0.0015|1|2024-04-27 17:23:24.941412
90685000|0.001|1|2024-04-27 17:23:24.941412
90686000|0.0002|1|2024-04-27 17:23:24.941412
90637000|0.0011|1|2024-04-27 17:23:30.121215
90638000|0.0002|1|2024-04-27 17:23:30.121215
90664000|0.0015|1|2024-04-27 17:23:30.121215
90679000|0.0001|1|2024-04-27 17:23:30.121215
90685000|0.001|1|2024-04-27 17:23:30.121215
90637000|0.0011|1|2024-04-27 17:23:35.251913
90638000|0.0002|1|2024-04-27 17:23:35.251913
90664000|0.0015|1|2024-04-27 17:23:35.251913
90681000|0.0001|1|2024-04-27 17:23:35.251913
90685000|0.001|1|2024-04-27 17:23:35.251913
90638000|0.0002|1|2024-04-27 17:23:40.366441
90664000|0.0015|1|2024-04-27 17:23:40.366441
90681000|0.0001|1|2024-04-27 17:23:40.366441
90685000|0.001|1|2024-04-27 17:23:40.366441
90686000|0.0002|1|2024-04-27 17:23:40.366441
90638000|0.0002|1|2024-04-27 17:23:45.474435
90664000|0.0015|1|2024-04-27 17:23:45.474435
90680000|0.125|1|2024-04-27 17:23:45.474435
90681000|0.1103|1|2024-04-27 17:23:45.474435
90685000|0.001|1|2024-04-27 17:23:45.474435
90638000|0.0002|1|2024-04-27 17:23:50.580649
90664000|0.0015|1|2024-04-27 17:23:50.580649
90679000|0.2352|1|2024-04-27 17:23:50.580649
90685000|0.001|1|2024-04-27 17:23:50.580649
90686000|0.0002|1|2024-04-27 17:23:50.580649
90638000|0.0002|1|2024-04-27 17:23:55.691134
90664000|0.0015|1|2024-04-27 17:23:55.691134
90681000|0.0001|1|2024-04-27 17:23:55.691134
90685000|0.001|1|2024-04-27 17:23:55.691134
90686000|0.0002|1|2024-04-27 17:23:55.691134
90664000|0.0015|1|2024-04-27 17:24:00.820857
90681000|0.125|1|2024-04-27 17:24:00.820857
90682000|0.1102|1|2024-04-27 17:24:00.820857
90685000|0.001|1|2024-04-27 17:24:00.820857
90686000|0.0002|1|2024-04-27 17:24:00.820857
90664000|0.0015|1|2024-04-27 17:24:05.955700
90682000|0.0002|1|2024-04-27 17:24:05.955700
90683000|0.125|1|2024-04-27 17:24:05.955700
90684000|0.0637|1|2024-04-27 17:24:05.955700
90685000|0.001|1|2024-04-27 17:24:05.955700
90664000|0.0016|1|2024-04-27 17:24:11.081079
90670000|0.1102|1|2024-04-27 17:24:11.081079
90672000|0.0063|1|2024-04-27 17:24:11.081079
90682000|0.0002|1|2024-04-27 17:24:11.081079
90685000|0.001|1|2024-04-27 17:24:11.081079
90664000|0.0016|1|2024-04-27 17:24:16.204622
90672000|0.1165|1|2024-04-27 17:24:16.204622
90682000|0.0002|1|2024-04-27 17:24:16.204622
90685000|0.001|1|2024-04-27 17:24:16.204622
90686000|0.0002|1|2024-04-27 17:24:16.204622
90663000|0.0021|1|2024-04-27 17:24:21.316002
90664000|0.0015|1|2024-04-27 17:24:21.316002
90672000|0.1165|1|2024-04-27 17:24:21.316002
90682000|0.0002|1|2024-04-27 17:24:21.316002
90685000|0.001|1|2024-04-27 17:24:21.316002
90662000|0.0001|1|2024-04-27 17:24:26.429714
90664000|0.0015|1|2024-04-27 17:24:26.429714
90682000|0.0002|1|2024-04-27 17:24:26.429714
90684000|0.1102|1|2024-04-27 17:24:26.429714
90685000|0.001|1|2024-04-27 17:24:26.429714
90664000|0.0015|1|2024-04-27 17:24:31.539920
90682000|0.0002|1|2024-04-27 17:24:31.539920
90685000|0.001|1|2024-04-27 17:24:31.539920
90686000|0.0002|1|2024-04-27 17:24:31.539920
90691000|0.0063|1|2024-04-27 17:24:31.539920
90664000|0.0001|1|2024-04-27 17:24:36.695781
90682000|0.0002|1|2024-04-27 17:24:36.695781
90685000|0.001|1|2024-04-27 17:24:36.695781
90686000|0.0002|1|2024-04-27 17:24:36.695781
90692000|0.0001|1|2024-04-27 17:24:36.695781
90662000|0.0075|1|2024-04-27 17:24:41.812342
90663000|0.0238|1|2024-04-27 17:24:41.812342
90664000|0.0001|1|2024-04-27 17:24:41.812342
90682000|0.0002|1|2024-04-27 17:24:41.812342
90685000|0.001|1|2024-04-27 17:24:41.812342
90661000|0.002|1|2024-04-27 17:24:46.953398
90662000|0.0001|1|2024-04-27 17:24:46.953398
90664000|0.0001|1|2024-04-27 17:24:46.953398
90682000|0.0002|1|2024-04-27 17:24:46.953398
90685000|0.001|1|2024-04-27 17:24:46.953398
90659000|0.002|1|2024-04-27 17:24:52.067250
90664000|0.0001|1|2024-04-27 17:24:52.067250
90682000|0.0002|1|2024-04-27 17:24:52.067250
90685000|0.001|1|2024-04-27 17:24:52.067250
90686000|0.0002|1|2024-04-27 17:24:52.067250
90663000|0.002|1|2024-04-27 17:24:57.190328
90664000|0.0001|1|2024-04-27 17:24:57.190328
90682000|0.0002|1|2024-04-27 17:24:57.190328
90685000|0.001|1|2024-04-27 17:24:57.190328
90686000|0.0002|1|2024-04-27 17:24:57.190328
90662000|0.002|1|2024-04-27 17:25:02.312127
90664000|0.0001|1|2024-04-27 17:25:02.312127
90682000|0.0002|1|2024-04-27 17:25:02.312127
90685000|0.001|1|2024-04-27 17:25:02.312127
90686000|0.0002|1|2024-04-27 17:25:02.312127
90663000|0.0022|1|2024-04-27 17:25:07.429199
90664000|0.0001|1|2024-04-27 17:25:07.429199
90682000|0.0002|1|2024-04-27 17:25:07.429199
90685000|0.001|1|2024-04-27 17:25:07.429199
90686000|0.0002|1|2024-04-27 17:25:07.429199
90662000|0.0002|1|2024-04-27 17:25:12.593034
90664000|0.0001|1|2024-04-27 17:25:12.593034
90682000|0.0002|1|2024-04-27 17:25:12.593034
90685000|0.001|1|2024-04-27 17:25:12.593034
90686000|0.0002|1|2024-04-27 17:25:12.593034
90664000|0.0001|1|2024-04-27 17:25:17.729371
90682000|0.0002|1|2024-04-27 17:25:17.729371
90685000|0.001|1|2024-04-27 17:25:17.729371
90686000|0.0002|1|2024-04-27 17:25:17.729371
90693000|0.0003|1|2024-04-27 17:25:17.729371
90662000|0.0239|1|2024-04-27 17:25:22.858167
90664000|0.0001|1|2024-04-27 17:25:22.858167
90682000|0.0002|1|2024-04-27 17:25:22.858167
90685000|0.001|1|2024-04-27 17:25:22.858167
90686000|0.0002|1|2024-04-27 17:25:22.858167
90664000|0.0001|1|2024-04-27 17:25:27.978689
90682000|0.0002|1|2024-04-27 17:25:27.978689
90685000|0.001|1|2024-04-27 17:25:27.978689
90686000|0.0002|1|2024-04-27 17:25:27.978689
90693000|0.0003|1|2024-04-27 17:25:27.978689
90664000|0.0001|1|2024-04-27 17:25:33.097013
90682000|0.0002|1|2024-04-27 17:25:33.097013
90685000|0.001|1|2024-04-27 17:25:33.097013
90686000|0.0002|1|2024-04-27 17:25:33.097013
90693000|0.0003|1|2024-04-27 17:25:33.097013
90664000|0.0001|1|2024-04-27 17:25:38.207905
90682000|0.0002|1|2024-04-27 17:25:38.207905
90685000|0.001|1|2024-04-27 17:25:38.207905
90686000|0.0002|1|2024-04-27 17:25:38.207905
90693000|0.0003|1|2024-04-27 17:25:38.207905
90682000|0.0002|1|2024-04-27 17:25:43.328351
90685000|0.001|1|2024-04-27 17:25:43.328351
90686000|0.0002|1|2024-04-27 17:25:43.328351
90693000|0.0003|1|2024-04-27 17:25:43.328351
90704000|0.0172|1|2024-04-27 17:25:43.328351
90682000|0.0003|1|2024-04-27 17:25:48.438399
90685000|0.001|1|2024-04-27 17:25:48.438399
90686000|0.0002|1|2024-04-27 17:25:48.438399
90693000|0.0003|1|2024-04-27 17:25:48.438399
90703000|0.0283|1|2024-04-27 17:25:48.438399
90682000|0.0003|1|2024-04-27 17:25:53.552530
90685000|0.001|1|2024-04-27 17:25:53.552530
90686000|0.0002|1|2024-04-27 17:25:53.552530
90693000|0.0003|1|2024-04-27 17:25:53.552530
90703000|0.0137|1|2024-04-27 17:25:53.552530
90682000|0.0003|1|2024-04-27 17:25:58.684599
90685000|0.001|1|2024-04-27 17:25:58.684599
90686000|0.0002|1|2024-04-27 17:25:58.684599
90693000|0.0003|1|2024-04-27 17:25:58.684599
90703000|0.0137|1|2024-04-27 17:25:58.684599
90663000|0.0998|1|2024-04-27 17:26:03.813805
90682000|0.0002|1|2024-04-27 17:26:03.813805
90685000|0.001|1|2024-04-27 17:26:03.813805
90686000|0.0002|1|2024-04-27 17:26:03.813805
90693000|0.0003|1|2024-04-27 17:26:03.813805
90663000|0.0796|1|2024-04-27 17:26:08.925575
90682000|0.0002|1|2024-04-27 17:26:08.925575
90685000|0.001|1|2024-04-27 17:26:08.925575
90686000|0.0002|1|2024-04-27 17:26:08.925575
90693000|0.0003|1|2024-04-27 17:26:08.925575
90682000|0.0002|1|2024-04-27 17:26:14.050347
90685000|0.001|1|2024-04-27 17:26:14.050347
90686000|0.0002|1|2024-04-27 17:26:14.050347
90693000|0.0003|1|2024-04-27 17:26:14.050347
90713000|0.0001|1|2024-04-27 17:26:14.050347
90682000|0.0002|1|2024-04-27 17:26:19.158772
90685000|0.001|1|2024-04-27 17:26:19.158772
90686000|0.0002|1|2024-04-27 17:26:19.158772
90693000|0.0003|1|2024-04-27 17:26:19.158772
90713000|0.0001|1|2024-04-27 17:26:19.158772
90682000|0.0002|1|2024-04-27 17:26:24.274272
90685000|0.001|1|2024-04-27 17:26:24.274272
90686000|0.0002|1|2024-04-27 17:26:24.274272
90693000|0.0003|1|2024-04-27 17:26:24.274272
90720000|0.0002|1|2024-04-27 17:26:24.274272
90685000|0.0001|1|2024-04-27 17:26:29.406779
90686000|0.0002|1|2024-04-27 17:26:29.406779
90693000|0.0003|1|2024-04-27 17:26:29.406779
90720000|0.0002|1|2024-04-27 17:26:29.406779
90723000|0.0002|1|2024-04-27 17:26:29.406779
90720000|0.0001|1|2024-04-27 17:26:34.524341
90723000|0.0002|1|2024-04-27 17:26:34.524341
90726000|0.0002|1|2024-04-27 17:26:34.524341
90727000|0.0001|1|2024-04-27 17:26:34.524341
90729000|0.0002|1|2024-04-27 17:26:34.524341
90720000|0.0001|1|2024-04-27 17:26:39.654051
90723000|0.0002|1|2024-04-27 17:26:39.654051
90726000|0.0003|1|2024-04-27 17:26:39.654051
90727000|0.0002|1|2024-04-27 17:26:39.654051
90728000|0.0295|1|2024-04-27 17:26:39.654051
90720000|0.0003|1|2024-04-27 17:26:44.777967
90723000|0.0002|1|2024-04-27 17:26:44.777967
90726000|0.0003|1|2024-04-27 17:26:44.777967
90727000|0.0002|1|2024-04-27 17:26:44.777967
90728000|0.0295|1|2024-04-27 17:26:44.777967
90720000|0.0003|1|2024-04-27 17:26:49.890784
90723000|0.0002|1|2024-04-27 17:26:49.890784
90726000|0.0003|1|2024-04-27 17:26:49.890784
90727000|0.0002|1|2024-04-27 17:26:49.890784
90728000|0.0295|1|2024-04-27 17:26:49.890784
90719000|0.0022|1|2024-04-27 17:26:55.022917
90720000|0.0001|1|2024-04-27 17:26:55.022917
90723000|0.0002|1|2024-04-27 17:26:55.022917
90726000|0.0003|1|2024-04-27 17:26:55.022917
90727000|0.0002|1|2024-04-27 17:26:55.022917
90718000|0.0022|1|2024-04-27 17:27:00.152328
90720000|0.0001|1|2024-04-27 17:27:00.152328
90723000|0.0002|1|2024-04-27 17:27:00.152328
90724000|0.1101|1|2024-04-27 17:27:00.152328
90726000|0.0003|1|2024-04-27 17:27:00.152328
90717000|0.0022|1|2024-04-27 17:27:05.260168
90720000|0.0001|1|2024-04-27 17:27:05.260168
90722000|0.0229|1|2024-04-27 17:27:05.260168
90723000|0.0002|1|2024-04-27 17:27:05.260168
90725000|0.0369|1|2024-04-27 17:27:05.260168
90716000|0.0002|1|2024-04-27 17:27:10.373329
90719000|0.0108|1|2024-04-27 17:27:10.373329
90720000|0.0001|1|2024-04-27 17:27:10.373329
90722000|0.0229|1|2024-04-27 17:27:10.373329
90723000|0.0002|1|2024-04-27 17:27:10.373329
90715000|0.0002|1|2024-04-27 17:27:15.484246
90719000|0.0108|1|2024-04-27 17:27:15.484246
90720000|0.0001|1|2024-04-27 17:27:15.484246
90722000|0.0229|1|2024-04-27 17:27:15.484246
90723000|0.0002|1|2024-04-27 17:27:15.484246
90714000|0.0002|1|2024-04-27 17:27:20.590101
90719000|0.0108|1|2024-04-27 17:27:20.590101
90720000|0.0001|1|2024-04-27 17:27:20.590101
90722000|0.0229|1|2024-04-27 17:27:20.590101
90723000|0.0002|1|2024-04-27 17:27:20.590101
90713000|0.0002|1|2024-04-27 17:27:25.723716
90719000|0.0108|1|2024-04-27 17:27:25.723716
90720000|0.0001|1|2024-04-27 17:27:25.723716
90722000|0.0229|1|2024-04-27 17:27:25.723716
90723000|0.0002|1|2024-04-27 17:27:25.723716
90719000|0.0066|1|2024-04-27 17:27:30.841462
90720000|0.0001|1|2024-04-27 17:27:30.841462
90722000|0.0229|1|2024-04-27 17:27:30.841462
90723000|0.0002|1|2024-04-27 17:27:30.841462
90725000|0.0369|1|2024-04-27 17:27:30.841462
90718000|0.002|1|2024-04-27 17:27:35.959850
90719000|0.0066|1|2024-04-27 17:27:35.959850
90720000|0.0001|1|2024-04-27 17:27:35.959850
90722000|0.0229|1|2024-04-27 17:27:35.959850
90723000|0.0002|1|2024-04-27 17:27:35.959850
90723000|0.0001|1|2024-04-27 17:27:41.092315
90726000|0.0002|1|2024-04-27 17:27:41.092315
90729000|0.0002|1|2024-04-27 17:27:41.092315
90741000|0.0001|1|2024-04-27 17:27:41.092315
90743000|0.0002|1|2024-04-27 17:27:41.092315
90729000|0.0002|1|2024-04-27 17:27:46.204379
90743000|0.0002|1|2024-04-27 17:27:46.204379
90759000|0.0015|1|2024-04-27 17:27:46.204379
90761000|0.0001|1|2024-04-27 17:27:46.204379
90770000|0.0001|1|2024-04-27 17:27:46.204379
90727000|0.002|1|2024-04-27 17:27:51.385701
90728000|0.0001|1|2024-04-27 17:27:51.385701
90729000|0.0002|1|2024-04-27 17:27:51.385701
90743000|0.0002|1|2024-04-27 17:27:51.385701
90757000|0.1168|1|2024-04-27 17:27:51.385701
90726000|0.002|1|2024-04-27 17:27:56.499697
90729000|0.0002|1|2024-04-27 17:27:56.499697
90743000|0.0002|1|2024-04-27 17:27:56.499697
90756000|0.0001|1|2024-04-27 17:27:56.499697
90757000|0.1168|1|2024-04-27 17:27:56.499697
90709000|0.0021|1|2024-04-27 17:28:01.624908
90729000|0.0002|1|2024-04-27 17:28:01.624908
90732000|0.0067|1|2024-04-27 17:28:01.624908
90734000|0.0229|1|2024-04-27 17:28:01.624908
90737000|0.0441|1|2024-04-27 17:28:01.624908
90708000|0.0021|1|2024-04-27 17:28:06.738037
90729000|0.0002|1|2024-04-27 17:28:06.738037
90730000|0.0067|1|2024-04-27 17:28:06.738037
90732000|0.0357|1|2024-04-27 17:28:06.738037
90733000|0.0511|1|2024-04-27 17:28:06.738037
90707000|0.0021|1|2024-04-27 17:28:11.846572
90729000|0.0002|1|2024-04-27 17:28:11.846572
90738000|0.0072|1|2024-04-27 17:28:11.846572
90740000|0.0008|1|2024-04-27 17:28:11.846572
90743000|0.0002|1|2024-04-27 17:28:11.846572
90706000|0.0021|1|2024-04-27 17:28:16.952012
90729000|0.0002|1|2024-04-27 17:28:16.952012
90730000|0.0067|1|2024-04-27 17:28:16.952012
90732000|0.0357|1|2024-04-27 17:28:16.952012
90733000|0.074|1|2024-04-27 17:28:16.952012
90705000|0.0021|1|2024-04-27 17:28:22.061272
90727000|0.0067|1|2024-04-27 17:28:22.061272
90729000|0.0359|1|2024-04-27 17:28:22.061272
90730000|0.074|1|2024-04-27 17:28:22.061272
90732000|0.0072|1|2024-04-27 17:28:22.061272
90704000|0.0001|1|2024-04-27 17:28:27.197021
90727000|0.0067|1|2024-04-27 17:28:27.197021
90729000|0.0359|1|2024-04-27 17:28:27.197021
90730000|0.074|1|2024-04-27 17:28:27.197021
90732000|0.0072|1|2024-04-27 17:28:27.197021
90703000|0.0001|1|2024-04-27 17:28:32.306394
90727000|0.0067|1|2024-04-27 17:28:32.306394
90729000|0.0359|1|2024-04-27 17:28:32.306394
90730000|0.074|1|2024-04-27 17:28:32.306394
90732000|0.0072|1|2024-04-27 17:28:32.306394
90702000|0.0001|1|2024-04-27 17:28:37.439044
90727000|0.0067|1|2024-04-27 17:28:37.439044
90729000|0.0359|1|2024-04-27 17:28:37.439044
90730000|0.074|1|2024-04-27 17:28:37.439044
90732000|0.0072|1|2024-04-27 17:28:37.439044
90701000|0.0001|1|2024-04-27 17:28:42.553695
90727000|0.0067|1|2024-04-27 17:28:42.553695
90729000|0.0359|1|2024-04-27 17:28:42.553695
90730000|0.074|1|2024-04-27 17:28:42.553695
90732000|0.0072|1|2024-04-27 17:28:42.553695
90700000|0.0001|1|2024-04-27 17:28:47.685193
90727000|0.0067|1|2024-04-27 17:28:47.685193
90729000|0.0359|1|2024-04-27 17:28:47.685193
90730000|0.074|1|2024-04-27 17:28:47.685193
90732000|0.0072|1|2024-04-27 17:28:47.685193
90698000|0.002|1|2024-04-27 17:28:52.803896
90727000|0.0067|1|2024-04-27 17:28:52.803896
90729000|0.0359|1|2024-04-27 17:28:52.803896
90730000|0.074|1|2024-04-27 17:28:52.803896
90732000|0.009|1|2024-04-27 17:28:52.803896
90693000|0.0192|1|2024-04-27 17:28:57.912640
90694000|0.0003|1|2024-04-27 17:28:57.912640
90713000|0.1101|1|2024-04-27 17:28:57.912640
90717000|0.1235|1|2024-04-27 17:28:57.912640
90718000|0.0955|1|2024-04-27 17:28:57.912640
90692000|0.0021|1|2024-04-27 17:29:03.024688
90694000|0.0003|1|2024-04-27 17:29:03.024688
90715000|0.0067|1|2024-04-27 17:29:03.024688
90717000|0.1103|1|2024-04-27 17:29:03.024688
90718000|0.0955|1|2024-04-27 17:29:03.024688
90691000|0.0021|1|2024-04-27 17:29:08.135871
90694000|0.0003|1|2024-04-27 17:29:08.135871
90712000|0.0236|1|2024-04-27 17:29:08.135871
90713000|0.0001|1|2024-04-27 17:29:08.135871
90714000|0.0002|1|2024-04-27 17:29:08.135871
90690000|0.0021|1|2024-04-27 17:29:13.263658
90694000|0.0003|1|2024-04-27 17:29:13.263658
90712000|0.1337|1|2024-04-27 17:29:13.263658
90713000|0.0001|1|2024-04-27 17:29:13.263658
90714000|0.0002|1|2024-04-27 17:29:13.263658
90688000|0.0009|1|2024-04-27 17:29:18.378053
90704000|0.0067|1|2024-04-27 17:29:18.378053
90705000|0.0001|1|2024-04-27 17:29:18.378053
90706000|0.0231|1|2024-04-27 17:29:18.378053
90707000|0.0553|1|2024-04-27 17:29:18.378053
90686000|0.002|1|2024-04-27 17:29:23.486439
90692000|0.0236|1|2024-04-27 17:29:23.486439
90693000|0.0001|1|2024-04-27 17:29:23.486439
90694000|0.0002|1|2024-04-27 17:29:23.486439
90695000|0.0782|1|2024-04-27 17:29:23.486439
90690000|0.1101|1|2024-04-27 17:29:28.600013
90691000|0.0029|1|2024-04-27 17:29:28.600013
90692000|0.0236|1|2024-04-27 17:29:28.600013
90693000|0.0001|1|2024-04-27 17:29:28.600013
90694000|0.0002|1|2024-04-27 17:29:28.600013
90679000|0.002|1|2024-04-27 17:29:33.714862
90680000|0.0067|1|2024-04-27 17:29:33.714862
90681000|0.0169|1|2024-04-27 17:29:33.714862
90682000|0.0001|1|2024-04-27 17:29:33.714862
90683000|0.0231|1|2024-04-27 17:29:33.714862
90679000|0.0009|1|2024-04-27 17:29:38.836005
90680000|0.0067|1|2024-04-27 17:29:38.836005
90681000|0.0169|1|2024-04-27 17:29:38.836005
90682000|0.0001|1|2024-04-27 17:29:38.836005
90683000|0.0231|1|2024-04-27 17:29:38.836005
90679000|0.0009|1|2024-04-27 17:29:43.973770
90680000|0.0067|1|2024-04-27 17:29:43.973770
90681000|0.0169|1|2024-04-27 17:29:43.973770
90682000|0.0001|1|2024-04-27 17:29:43.973770
90683000|0.0231|1|2024-04-27 17:29:43.973770
90678000|0.002|1|2024-04-27 17:29:49.082218
90679000|0.0009|1|2024-04-27 17:29:49.082218
90680000|0.0067|1|2024-04-27 17:29:49.082218
90681000|0.0169|1|2024-04-27 17:29:49.082218
90682000|0.0001|1|2024-04-27 17:29:49.082218
90678000|0.002|1|2024-04-27 17:29:54.195300
90704000|0.0002|1|2024-04-27 17:29:54.195300
90707000|0.0169|1|2024-04-27 17:29:54.195300
90708000|0.0001|1|2024-04-27 17:29:54.195300
90709000|0.0002|1|2024-04-27 17:29:54.195300
90677000|0.0009|1|2024-04-27 17:29:59.311575
90703000|0.002|1|2024-04-27 17:29:59.311575
90704000|0.0002|1|2024-04-27 17:29:59.311575
90717000|0.0002|1|2024-04-27 17:29:59.311575
90719000|0.0236|1|2024-04-27 17:29:59.311575
90704000|0.0002|1|2024-04-27 17:30:04.447868
90717000|0.0002|1|2024-04-27 17:30:04.447868
90728000|0.0002|1|2024-04-27 17:30:04.447868
90729000|0.0002|1|2024-04-27 17:30:04.447868
90741000|0.0236|1|2024-04-27 17:30:04.447868
90703000|0.0009|1|2024-04-27 17:30:09.579423
90704000|0.0002|1|2024-04-27 17:30:09.579423
90717000|0.0002|1|2024-04-27 17:30:09.579423
90722000|0.0169|1|2024-04-27 17:30:09.579423
90723000|0.0001|1|2024-04-27 17:30:09.579423
90703000|0.0009|1|2024-04-27 17:30:14.703864
90704000|0.0002|1|2024-04-27 17:30:14.703864
90715000|0.0067|1|2024-04-27 17:30:14.703864
90716000|0.0169|1|2024-04-27 17:30:14.703864
90717000|0.0003|1|2024-04-27 17:30:14.703864
90695000|0.0001|1|2024-04-27 17:30:19.815049
90703000|0.0009|1|2024-04-27 17:30:19.815049
90704000|0.0002|1|2024-04-27 17:30:19.815049
90715000|0.0067|1|2024-04-27 17:30:19.815049
90716000|0.0169|1|2024-04-27 17:30:19.815049
90704000|0.0002|1|2024-04-27 17:30:24.924182
90715000|0.0067|1|2024-04-27 17:30:24.924182
90716000|0.0169|1|2024-04-27 17:30:24.924182
90717000|0.0003|1|2024-04-27 17:30:24.924182
90718000|0.061|1|2024-04-27 17:30:24.924182
90704000|0.0003|1|2024-04-27 17:30:30.054816
90715000|0.0067|1|2024-04-27 17:30:30.054816
90716000|0.0169|1|2024-04-27 17:30:30.054816
90717000|0.0003|1|2024-04-27 17:30:30.054816
90718000|0.061|1|2024-04-27 17:30:30.054816
90701000|0.0067|1|2024-04-27 17:30:35.162820
90702000|0.0169|1|2024-04-27 17:30:35.162820
90703000|0.0001|1|2024-04-27 17:30:35.162820
90704000|0.1488|1|2024-04-27 17:30:35.162820
90705000|0.033|1|2024-04-27 17:30:35.162820
90701000|0.0068|1|2024-04-27 17:30:40.289084
90702000|0.0169|1|2024-04-27 17:30:40.289084
90703000|0.0001|1|2024-04-27 17:30:40.289084
90704000|0.0612|1|2024-04-27 17:30:40.289084
90705000|0.0338|1|2024-04-27 17:30:40.289084
90701000|0.0066|1|2024-04-27 17:30:45.417727
90702000|0.0169|1|2024-04-27 17:30:45.417727
90703000|0.0001|1|2024-04-27 17:30:45.417727
90704000|0.0612|1|2024-04-27 17:30:45.417727
90705000|0.0338|1|2024-04-27 17:30:45.417727
90700000|0.0173|1|2024-04-27 17:30:50.533190
90701000|0.0065|1|2024-04-27 17:30:50.533190
90702000|0.0169|1|2024-04-27 17:30:50.533190
90703000|0.0001|1|2024-04-27 17:30:50.533190
90704000|0.0612|1|2024-04-27 17:30:50.533190
90700000|0.0003|1|2024-04-27 17:30:55.651144
90701000|0.0065|1|2024-04-27 17:30:55.651144
90702000|0.0169|1|2024-04-27 17:30:55.651144
90703000|0.0001|1|2024-04-27 17:30:55.651144
90704000|0.0612|1|2024-04-27 17:30:55.651144
90699000|0.0021|1|2024-04-27 17:31:00.759472
90700000|0.0002|1|2024-04-27 17:31:00.759472
90701000|0.0065|1|2024-04-27 17:31:00.759472
90702000|0.0169|1|2024-04-27 17:31:00.759472
90703000|0.0001|1|2024-04-27 17:31:00.759472
90695000|0.0066|1|2024-04-27 17:31:05.869913
90697000|0.0169|1|2024-04-27 17:31:05.869913
90698000|0.0251|1|2024-04-27 17:31:05.869913
90699000|0.0002|1|2024-04-27 17:31:05.869913
90700000|0.0555|1|2024-04-27 17:31:05.869913
90694000|0.0021|1|2024-04-27 17:31:10.988254
90700000|0.0002|1|2024-04-27 17:31:10.988254
90704000|0.0002|1|2024-04-27 17:31:10.988254
90705000|0.0066|1|2024-04-27 17:31:10.988254
90707000|0.0398|1|2024-04-27 17:31:10.988254
90675000|0.0066|1|2024-04-27 17:31:16.110693
90676000|0.0169|1|2024-04-27 17:31:16.110693
90677000|0.023|1|2024-04-27 17:31:16.110693
90678000|0.0357|1|2024-04-27 17:31:16.110693
90679000|0.0354|1|2024-04-27 17:31:16.110693
90669000|0.0066|1|2024-04-27 17:31:21.270788
90672000|0.0398|1|2024-04-27 17:31:21.270788
90673000|0.0001|1|2024-04-27 17:31:21.270788
90674000|0.036|1|2024-04-27 17:31:21.270788
90675000|0.036|1|2024-04-27 17:31:21.270788
90668000|0.0001|1|2024-04-27 17:31:26.384875
90669000|0.0066|1|2024-04-27 17:31:26.384875
90672000|0.0398|1|2024-04-27 17:31:26.384875
90673000|0.0001|1|2024-04-27 17:31:26.384875
90674000|0.0359|1|2024-04-27 17:31:26.384875
90666000|0.002|1|2024-04-27 17:31:31.506822
90669000|0.0066|1|2024-04-27 17:31:31.506822
90672000|0.0398|1|2024-04-27 17:31:31.506822
90673000|0.0001|1|2024-04-27 17:31:31.506822
90674000|0.0359|1|2024-04-27 17:31:31.506822
90665000|0.002|1|2024-04-27 17:31:36.643722
90666000|0.0001|1|2024-04-27 17:31:36.643722
90669000|0.0066|1|2024-04-27 17:31:36.643722
90672000|0.0398|1|2024-04-27 17:31:36.643722
90673000|0.0001|1|2024-04-27 17:31:36.643722
90664000|0.0021|1|2024-04-27 17:31:41.765548
90665000|0.0398|1|2024-04-27 17:31:41.765548
90666000|0.0001|1|2024-04-27 17:31:41.765548
90667000|0.0555|1|2024-04-27 17:31:41.765548
90668000|0.0164|1|2024-04-27 17:31:41.765548
90661000|0.0021|1|2024-04-27 17:31:46.912626
90662000|0.0066|1|2024-04-27 17:31:46.912626
90665000|0.0398|1|2024-04-27 17:31:46.912626
90666000|0.0001|1|2024-04-27 17:31:46.912626
90667000|0.0555|1|2024-04-27 17:31:46.912626
90636000|0.0229|1|2024-04-27 17:31:52.026299
90637000|0.0001|1|2024-04-27 17:31:52.026299
90639000|0.0008|1|2024-04-27 17:31:52.026299
90641000|0.0002|1|2024-04-27 17:31:52.026299
90643000|0.0031|1|2024-04-27 17:31:52.026299
90632000|0.0023|1|2024-04-27 17:31:57.150629
90633000|0.0065|1|2024-04-27 17:31:57.150629
90636000|0.0398|1|2024-04-27 17:31:57.150629
90637000|0.0001|1|2024-04-27 17:31:57.150629
90638000|0.0359|1|2024-04-27 17:31:57.150629
90636000|0.0398|1|2024-04-27 17:32:02.257350
90637000|0.0001|1|2024-04-27 17:32:02.257350
90638000|0.0359|1|2024-04-27 17:32:02.257350
90639000|0.036|1|2024-04-27 17:32:02.257350
90644000|0.0371|1|2024-04-27 17:32:02.257350
90641000|0.0399|1|2024-04-27 17:32:07.407992
90642000|0.0358|1|2024-04-27 17:32:07.407992
90643000|0.0144|1|2024-04-27 17:32:07.407992
90644000|0.022|1|2024-04-27 17:32:07.407992
90645000|0.0002|1|2024-04-27 17:32:07.407992
90647000|0.1078|1|2024-04-27 17:32:12.517251
90648000|0.0169|1|2024-04-27 17:32:12.517251
90649000|0.0014|1|2024-04-27 17:32:12.517251
90650000|0.0501|1|2024-04-27 17:32:12.517251
90651000|0.021|1|2024-04-27 17:32:12.517251
90684000|0.0182|1|2024-04-27 17:32:17.642448
90685000|0.0358|1|2024-04-27 17:32:17.642448
90686000|0.0154|1|2024-04-27 17:32:17.642448
90687000|0.021|1|2024-04-27 17:32:17.642448
90690000|0.022|1|2024-04-27 17:32:17.642448
90683000|0.0202|1|2024-04-27 17:32:22.778889
90684000|0.0182|1|2024-04-27 17:32:22.778889
90685000|0.0358|1|2024-04-27 17:32:22.778889
90686000|0.0154|1|2024-04-27 17:32:22.778889
90687000|0.0579|1|2024-04-27 17:32:22.778889
90682000|0.0022|1|2024-04-27 17:32:27.894045
90686000|0.0002|1|2024-04-27 17:32:27.894045
90692000|0.0002|1|2024-04-27 17:32:27.894045
90704000|0.0002|1|2024-04-27 17:32:27.894045
90716000|0.1101|1|2024-04-27 17:32:27.894045
90692000|0.0002|1|2024-04-27 17:32:33.046931
90704000|0.0002|1|2024-04-27 17:32:33.046931
90716000|0.1101|1|2024-04-27 17:32:33.046931
90717000|0.0002|1|2024-04-27 17:32:33.046931
90728000|0.0002|1|2024-04-27 17:32:33.046931
90716000|0.0911|1|2024-04-27 17:32:38.166459
90717000|0.0002|1|2024-04-27 17:32:38.166459
90728000|0.0002|1|2024-04-27 17:32:38.166459
90729000|0.0002|1|2024-04-27 17:32:38.166459
90743000|0.0002|1|2024-04-27 17:32:38.166459
90764000|0.0363|1|2024-04-27 17:32:43.307023
90765000|0.0277|1|2024-04-27 17:32:43.307023
90766000|0.0143|1|2024-04-27 17:32:43.307023
90767000|0.0008|1|2024-04-27 17:32:43.307023
90768000|0.0369|1|2024-04-27 17:32:43.307023
90764000|0.0363|1|2024-04-27 17:32:48.417353
90765000|0.0277|1|2024-04-27 17:32:48.417353
90766000|0.0143|1|2024-04-27 17:32:48.417353
90767000|0.0008|1|2024-04-27 17:32:48.417353
90768000|0.0369|1|2024-04-27 17:32:48.417353
90764000|0.0364|1|2024-04-27 17:32:53.541336
90765000|0.0277|1|2024-04-27 17:32:53.541336
90766000|0.0143|1|2024-04-27 17:32:53.541336
90767000|0.0008|1|2024-04-27 17:32:53.541336
90768000|0.0369|1|2024-04-27 17:32:53.541336
90764000|0.0364|1|2024-04-27 17:32:58.659193
90765000|0.0277|1|2024-04-27 17:32:58.659193
90766000|0.0143|1|2024-04-27 17:32:58.659193
90767000|0.0008|1|2024-04-27 17:32:58.659193
90768000|0.0369|1|2024-04-27 17:32:58.659193
90764000|0.0352|1|2024-04-27 17:33:03.792881
90765000|0.0277|1|2024-04-27 17:33:03.792881
90766000|0.0143|1|2024-04-27 17:33:03.792881
90767000|0.0008|1|2024-04-27 17:33:03.792881
90768000|0.0369|1|2024-04-27 17:33:03.792881
90757000|0.0014|1|2024-04-27 17:33:08.943672
90760000|0.0338|1|2024-04-27 17:33:08.943672
90761000|0.0277|1|2024-04-27 17:33:08.943672
90762000|0.0143|1|2024-04-27 17:33:08.943672
90763000|0.0008|1|2024-04-27 17:33:08.943672
90756000|0.0021|1|2024-04-27 17:33:14.064136
90757000|0.0013|1|2024-04-27 17:33:14.064136
90760000|0.0338|1|2024-04-27 17:33:14.064136
90761000|0.0277|1|2024-04-27 17:33:14.064136
90762000|0.0549|1|2024-04-27 17:33:14.064136
90743000|0.0229|1|2024-04-27 17:33:19.176066
90755000|0.002|1|2024-04-27 17:33:19.176066
90762000|0.0406|1|2024-04-27 17:33:19.176066
90768000|0.1101|1|2024-04-27 17:33:19.176066
90785000|0.0013|1|2024-04-27 17:33:19.176066
90737000|0.0004|1|2024-04-27 17:33:24.286470
90762000|0.0406|1|2024-04-27 17:33:24.286470
90768000|0.1101|1|2024-04-27 17:33:24.286470
90777000|0.1103|1|2024-04-27 17:33:24.286470
90779000|0.0013|1|2024-04-27 17:33:24.286470
90761000|0.0021|1|2024-04-27 17:33:29.415992
90762000|0.0406|1|2024-04-27 17:33:29.415992
90768000|0.2204|1|2024-04-27 17:33:29.415992
90777000|0.0002|1|2024-04-27 17:33:29.415992
90788000|0.0013|1|2024-04-27 17:33:29.415992
90760000|0.0001|1|2024-04-27 17:33:34.532891
90762000|0.0406|1|2024-04-27 17:33:34.532891
90768000|0.0002|1|2024-04-27 17:33:34.532891
90770000|0.0013|1|2024-04-27 17:33:34.532891
90773000|0.0349|1|2024-04-27 17:33:34.532891
90759000|0.0001|1|2024-04-27 17:33:39.658518
90762000|0.0406|1|2024-04-27 17:33:39.658518
90768000|0.0002|1|2024-04-27 17:33:39.658518
90770000|0.0013|1|2024-04-27 17:33:39.658518
90773000|0.0349|1|2024-04-27 17:33:39.658518
90762000|0.0406|1|2024-04-27 17:33:44.801009
90768000|0.0002|1|2024-04-27 17:33:44.801009
90770000|0.0013|1|2024-04-27 17:33:44.801009
90773000|0.0349|1|2024-04-27 17:33:44.801009
90774000|0.0277|1|2024-04-27 17:33:44.801009
90761000|0.002|1|2024-04-27 17:33:49.915642
90762000|0.0406|1|2024-04-27 17:33:49.915642
90768000|0.0002|1|2024-04-27 17:33:49.915642
90770000|0.0013|1|2024-04-27 17:33:49.915642
90773000|0.0349|1|2024-04-27 17:33:49.915642
90762000|0.0419|1|2024-04-27 17:33:55.026613
90764000|0.0011|1|2024-04-27 17:33:55.026613
90765000|0.0615|1|2024-04-27 17:33:55.026613
90766000|0.0001|1|2024-04-27 17:33:55.026613
90767000|0.0142|1|2024-04-27 17:33:55.026613
90755000|0.0008|1|2024-04-27 17:34:00.142932
90756000|0.002|1|2024-04-27 17:34:00.142932
90759000|0.0037|1|2024-04-27 17:34:00.142932
90762000|0.0406|1|2024-04-27 17:34:00.142932
90768000|0.0002|1|2024-04-27 17:34:00.142932
90734000|0.002|1|2024-04-27 17:34:05.299599
90735000|0.0013|1|2024-04-27 17:34:05.299599
90738000|0.0491|1|2024-04-27 17:34:05.299599
90739000|0.0277|1|2024-04-27 17:34:05.299599
90740000|0.0001|1|2024-04-27 17:34:05.299599
90733000|0.002|1|2024-04-27 17:34:10.418619
90741000|0.045|1|2024-04-27 17:34:10.418619
90742000|0.0277|1|2024-04-27 17:34:10.418619
90743000|0.0001|1|2024-04-27 17:34:10.418619
90744000|0.0348|1|2024-04-27 17:34:10.418619
90746000|0.0001|1|2024-04-27 17:34:15.534634
90761000|0.0002|1|2024-04-27 17:34:15.534634
90762000|0.1263|1|2024-04-27 17:34:15.534634
90763000|0.0277|1|2024-04-27 17:34:15.534634
90764000|0.0001|1|2024-04-27 17:34:15.534634
90744000|0.002|1|2024-04-27 17:34:20.673882
90745000|0.0001|1|2024-04-27 17:34:20.673882
90761000|0.0002|1|2024-04-27 17:34:20.673882
90762000|0.1263|1|2024-04-27 17:34:20.673882
90763000|0.0277|1|2024-04-27 17:34:20.673882
90743000|0.0021|1|2024-04-27 17:34:25.783917
90761000|0.0002|1|2024-04-27 17:34:25.783917
90762000|0.1263|1|2024-04-27 17:34:25.783917
90763000|0.0277|1|2024-04-27 17:34:25.783917
90764000|0.0001|1|2024-04-27 17:34:25.783917
90751000|0.0383|1|2024-04-27 17:34:30.891948
90752000|0.0277|1|2024-04-27 17:34:30.891948
90754000|0.0341|1|2024-04-27 17:34:30.891948
90755000|0.0008|1|2024-04-27 17:34:30.891948
90756000|0.0369|1|2024-04-27 17:34:30.891948
90745000|0.066|1|2024-04-27 17:34:36.015474
90746000|0.0001|1|2024-04-27 17:34:36.015474
90747000|0.0008|1|2024-04-27 17:34:36.015474
90748000|0.034|1|2024-04-27 17:34:36.015474
90749000|0.0068|1|2024-04-27 17:34:36.015474
90745000|0.0509|1|2024-04-27 17:34:41.124566
90746000|0.0001|1|2024-04-27 17:34:41.124566
90747000|0.0008|1|2024-04-27 17:34:41.124566
90748000|0.034|1|2024-04-27 17:34:41.124566
90749000|0.0068|1|2024-04-27 17:34:41.124566
90745000|0.0509|1|2024-04-27 17:34:46.291665
90746000|0.0001|1|2024-04-27 17:34:46.291665
90747000|0.0008|1|2024-04-27 17:34:46.291665
90748000|0.034|1|2024-04-27 17:34:46.291665
90749000|0.0068|1|2024-04-27 17:34:46.291665
90745000|0.0509|1|2024-04-27 17:34:51.404861
90746000|0.0001|1|2024-04-27 17:34:51.404861
90747000|0.0008|1|2024-04-27 17:34:51.404861
90748000|0.034|1|2024-04-27 17:34:51.404861
90749000|0.0068|1|2024-04-27 17:34:51.404861
90745000|0.0436|1|2024-04-27 17:34:56.521643
90746000|0.0001|1|2024-04-27 17:34:56.521643
90747000|0.0008|1|2024-04-27 17:34:56.521643
90748000|0.034|1|2024-04-27 17:34:56.521643
90749000|0.0068|1|2024-04-27 17:34:56.521643
90745000|0.0435|1|2024-04-27 17:35:01.671348
90746000|0.0001|1|2024-04-27 17:35:01.671348
90747000|0.0008|1|2024-04-27 17:35:01.671348
90748000|0.034|1|2024-04-27 17:35:01.671348
90749000|0.0068|1|2024-04-27 17:35:01.671348
90741000|0.0001|1|2024-04-27 17:35:06.788031
90755000|0.0402|1|2024-04-27 17:35:06.788031
90756000|0.041|1|2024-04-27 17:35:06.788031
90760000|0.1101|1|2024-04-27 17:35:06.788031
90761000|0.0002|1|2024-04-27 17:35:06.788031
90718000|0.0001|1|2024-04-27 17:35:11.915042
90759000|0.0308|1|2024-04-27 17:35:11.915042
90760000|0.1101|1|2024-04-27 17:35:11.915042
90761000|0.0002|1|2024-04-27 17:35:11.915042
90762000|0.0406|1|2024-04-27 17:35:11.915042
90716000|0.002|1|2024-04-27 17:35:17.051933
90717000|0.0001|1|2024-04-27 17:35:17.051933
90760000|0.1101|1|2024-04-27 17:35:17.051933
90761000|0.0002|1|2024-04-27 17:35:17.051933
90762000|0.0406|1|2024-04-27 17:35:17.051933
90760000|0.1101|1|2024-04-27 17:35:22.172524
90761000|0.0002|1|2024-04-27 17:35:22.172524
90762000|0.0406|1|2024-04-27 17:35:22.172524
90764000|0.031|1|2024-04-27 17:35:22.172524
90765000|0.0127|1|2024-04-27 17:35:22.172524
90761000|0.0002|1|2024-04-27 17:35:27.282503
90762000|0.0406|1|2024-04-27 17:35:27.282503
90764000|0.031|1|2024-04-27 17:35:27.282503
90765000|0.0127|1|2024-04-27 17:35:27.282503
90766000|0.0001|1|2024-04-27 17:35:27.282503
90761000|0.0408|1|2024-04-27 17:35:32.421441
90762000|0.0406|1|2024-04-27 17:35:32.421441
90764000|0.031|1|2024-04-27 17:35:32.421441
90765000|0.0127|1|2024-04-27 17:35:32.421441
90766000|0.0001|1|2024-04-27 17:35:32.421441
90760000|0.002|1|2024-04-27 17:35:37.547011
90761000|0.0408|1|2024-04-27 17:35:37.547011
90762000|0.0406|1|2024-04-27 17:35:37.547011
90764000|0.031|1|2024-04-27 17:35:37.547011
90765000|0.0127|1|2024-04-27 17:35:37.547011
90760000|0.002|1|2024-04-27 17:35:42.664759
90761000|0.0408|1|2024-04-27 17:35:42.664759
90762000|0.0406|1|2024-04-27 17:35:42.664759
90764000|0.031|1|2024-04-27 17:35:42.664759
90765000|0.0127|1|2024-04-27 17:35:42.664759
90761000|0.0397|1|2024-04-27 17:35:47.778721
90762000|0.0406|1|2024-04-27 17:35:47.778721
90768000|0.0002|1|2024-04-27 17:35:47.778721
90769000|0.031|1|2024-04-27 17:35:47.778721
90770000|0.0127|1|2024-04-27 17:35:47.778721
90761000|0.0397|1|2024-04-27 17:35:52.886760
90762000|0.0406|1|2024-04-27 17:35:52.886760
90768000|0.0002|1|2024-04-27 17:35:52.886760
90769000|0.031|1|2024-04-27 17:35:52.886760
90770000|0.0127|1|2024-04-27 17:35:52.886760
90747000|0.0008|1|2024-04-27 17:35:57.999619
90749000|0.034|1|2024-04-27 17:35:57.999619
90751000|0.0217|1|2024-04-27 17:35:57.999619
90752000|0.0369|1|2024-04-27 17:35:57.999619
90754000|0.022|1|2024-04-27 17:35:57.999619
90743000|0.002|1|2024-04-27 17:36:03.107640
90751000|0.031|1|2024-04-27 17:36:03.107640
90761000|0.0397|1|2024-04-27 17:36:03.107640
90762000|0.0406|1|2024-04-27 17:36:03.107640
90763000|0.034|1|2024-04-27 17:36:03.107640
90742000|0.0001|1|2024-04-27 17:36:08.231928
90761000|0.0397|1|2024-04-27 17:36:08.231928
90762000|0.0406|1|2024-04-27 17:36:08.231928
90766000|0.0312|1|2024-04-27 17:36:08.231928
90767000|0.0127|1|2024-04-27 17:36:08.231928
90741000|0.0001|1|2024-04-27 17:36:13.361673
90761000|0.0397|1|2024-04-27 17:36:13.361673
90762000|0.0406|1|2024-04-27 17:36:13.361673
90766000|0.0002|1|2024-04-27 17:36:13.361673
90768000|0.0002|1|2024-04-27 17:36:13.361673
90740000|0.0|1|2024-04-27 17:36:18.469496
90761000|0.0397|1|2024-04-27 17:36:18.469496
90762000|0.0406|1|2024-04-27 17:36:18.469496
90766000|0.0002|1|2024-04-27 17:36:18.469496
90768000|0.0002|1|2024-04-27 17:36:18.469496
90738000|0.002|1|2024-04-27 17:36:23.614739
90761000|0.0397|1|2024-04-27 17:36:23.614739
90762000|0.0406|1|2024-04-27 17:36:23.614739
90766000|0.0002|1|2024-04-27 17:36:23.614739
90768000|0.0002|1|2024-04-27 17:36:23.614739
90737000|0.0021|1|2024-04-27 17:36:28.724519
90761000|0.0397|1|2024-04-27 17:36:28.724519
90762000|0.0406|1|2024-04-27 17:36:28.724519
90766000|0.0002|1|2024-04-27 17:36:28.724519
90768000|0.0002|1|2024-04-27 17:36:28.724519
90735000|0.0172|1|2024-04-27 17:36:33.837428
90740000|0.0349|1|2024-04-27 17:36:33.837428
90741000|0.0127|1|2024-04-27 17:36:33.837428
90742000|0.0209|1|2024-04-27 17:36:33.837428
90743000|0.0008|1|2024-04-27 17:36:33.837428
90734000|0.0001|1|2024-04-27 17:36:38.968549
90737000|0.0349|1|2024-04-27 17:36:38.968549
90738000|0.0127|1|2024-04-27 17:36:38.968549
90739000|0.0209|1|2024-04-27 17:36:38.968549
90740000|0.0008|1|2024-04-27 17:36:38.968549
90732000|0.002|1|2024-04-27 17:36:44.076161
90733000|0.0002|1|2024-04-27 17:36:44.076161
90737000|0.0349|1|2024-04-27 17:36:44.076161
90738000|0.0127|1|2024-04-27 17:36:44.076161
90739000|0.0209|1|2024-04-27 17:36:44.076161
90729000|0.0331|1|2024-04-27 17:36:49.189326
90730000|0.0128|1|2024-04-27 17:36:49.189326
90731000|0.0229|1|2024-04-27 17:36:49.189326
90732000|0.0008|1|2024-04-27 17:36:49.189326
90733000|0.034|1|2024-04-27 17:36:49.189326
90713000|0.0022|1|2024-04-27 17:36:54.336587
90714000|0.033|1|2024-04-27 17:36:54.336587
90715000|0.0126|1|2024-04-27 17:36:54.336587
90716000|0.0016|1|2024-04-27 17:36:54.336587
90722000|0.0093|1|2024-04-27 17:36:54.336587
90712000|0.0002|1|2024-04-27 17:36:59.540357
90714000|0.033|1|2024-04-27 17:36:59.540357
90715000|0.0126|1|2024-04-27 17:36:59.540357
90716000|0.0016|1|2024-04-27 17:36:59.540357
90722000|0.0093|1|2024-04-27 17:36:59.540357
90711000|0.0002|1|2024-04-27 17:37:04.672940
90714000|0.033|1|2024-04-27 17:37:04.672940
90715000|0.0126|1|2024-04-27 17:37:04.672940
90716000|0.0016|1|2024-04-27 17:37:04.672940
90725000|0.022|1|2024-04-27 17:37:04.672940
90709000|0.002|1|2024-04-27 17:37:09.808362
90710000|0.0002|1|2024-04-27 17:37:09.808362
90720000|0.0092|1|2024-04-27 17:37:09.808362
90721000|0.033|1|2024-04-27 17:37:09.808362
90722000|0.0051|1|2024-04-27 17:37:09.808362
90709000|0.0002|1|2024-04-27 17:37:14.940116
90736000|0.0002|1|2024-04-27 17:37:14.940116
90741000|0.0002|1|2024-04-27 17:37:14.940116
90761000|0.0705|1|2024-04-27 17:37:14.940116
90762000|0.0406|1|2024-04-27 17:37:14.940116
90744000|0.002|1|2024-04-27 17:37:20.060874
90745000|0.006|1|2024-04-27 17:37:20.060874
90746000|0.0017|1|2024-04-27 17:37:20.060874
90747000|0.033|1|2024-04-27 17:37:20.060874
90748000|0.0051|1|2024-04-27 17:37:20.060874
90743000|0.002|1|2024-04-27 17:37:25.166906
90744000|0.0001|1|2024-04-27 17:37:25.166906
90752000|0.0059|1|2024-04-27 17:37:25.166906
90753000|0.0017|1|2024-04-27 17:37:25.166906
90754000|0.0381|1|2024-04-27 17:37:25.166906
90742000|0.002|1|2024-04-27 17:37:30.300680
90743000|0.0001|1|2024-04-27 17:37:30.300680
90752000|0.0059|1|2024-04-27 17:37:30.300680
90753000|0.0017|1|2024-04-27 17:37:30.300680
90754000|0.0381|1|2024-04-27 17:37:30.300680
90742000|0.0001|1|2024-04-27 17:37:35.514677
90752000|0.0059|1|2024-04-27 17:37:35.514677
90753000|0.0017|1|2024-04-27 17:37:35.514677
90754000|0.0381|1|2024-04-27 17:37:35.514677
90761000|0.0399|1|2024-04-27 17:37:35.514677
90740000|0.002|1|2024-04-27 17:37:40.634316
90752000|0.0059|1|2024-04-27 17:37:40.634316
90753000|0.0017|1|2024-04-27 17:37:40.634316
90754000|0.0381|1|2024-04-27 17:37:40.634316
90761000|0.0399|1|2024-04-27 17:37:40.634316
90739000|0.002|1|2024-04-27 17:37:45.746629
90752000|0.0059|1|2024-04-27 17:37:45.746629
90753000|0.0017|1|2024-04-27 17:37:45.746629
90754000|0.0393|1|2024-04-27 17:37:45.746629
90761000|0.0399|1|2024-04-27 17:37:45.746629
90738000|0.002|1|2024-04-27 17:37:50.879941
90752000|0.0059|1|2024-04-27 17:37:50.879941
90753000|0.0017|1|2024-04-27 17:37:50.879941
90754000|0.0393|1|2024-04-27 17:37:50.879941
90761000|0.0399|1|2024-04-27 17:37:50.879941
90737000|0.0021|1|2024-04-27 17:37:56.009279
90754000|0.0012|1|2024-04-27 17:37:56.009279
90761000|0.0399|1|2024-04-27 17:37:56.009279
90762000|0.0406|1|2024-04-27 17:37:56.009279
90763000|0.0059|1|2024-04-27 17:37:56.009279
90736000|0.0021|1|2024-04-27 17:38:01.130448
90754000|0.0012|1|2024-04-27 17:38:01.130448
90761000|0.0399|1|2024-04-27 17:38:01.130448
90762000|0.0406|1|2024-04-27 17:38:01.130448
90763000|0.0059|1|2024-04-27 17:38:01.130448
90729000|0.0048|1|2024-04-27 17:38:06.250715
90754000|0.0012|1|2024-04-27 17:38:06.250715
90759000|0.033|1|2024-04-27 17:38:06.250715
90760000|0.0051|1|2024-04-27 17:38:06.250715
90761000|0.0399|1|2024-04-27 17:38:06.250715
90742000|0.033|1|2024-04-27 17:38:11.383881
90743000|0.0053|1|2024-04-27 17:38:11.383881
90749000|0.0045|1|2024-04-27 17:38:11.383881
90752000|0.0093|1|2024-04-27 17:38:11.383881
90754000|0.038|1|2024-04-27 17:38:11.383881
90725000|0.0224|1|2024-04-27 17:38:16.501320
90726000|0.0331|1|2024-04-27 17:38:16.501320
90727000|0.0051|1|2024-04-27 17:38:16.501320
90729000|0.0059|1|2024-04-27 17:38:16.501320
90730000|0.0017|1|2024-04-27 17:38:16.501320
90712000|0.0332|1|2024-04-27 17:38:21.623691
90713000|0.0051|1|2024-04-27 17:38:21.623691
90714000|0.0079|1|2024-04-27 17:38:21.623691
90715000|0.0017|1|2024-04-27 17:38:21.623691
90718000|0.0045|1|2024-04-27 17:38:21.623691
90711000|0.0023|1|2024-04-27 17:38:26.768027
90712000|0.033|1|2024-04-27 17:38:26.768027
90713000|0.0051|1|2024-04-27 17:38:26.768027
90714000|0.0059|1|2024-04-27 17:38:26.768027
90715000|0.0017|1|2024-04-27 17:38:26.768027
90689000|0.0328|1|2024-04-27 17:38:31.911490
90692000|0.0059|1|2024-04-27 17:38:31.911490
90693000|0.0017|1|2024-04-27 17:38:31.911490
90696000|0.0045|1|2024-04-27 17:38:31.911490
90700000|0.0093|1|2024-04-27 17:38:31.911490
90688000|0.0002|1|2024-04-27 17:38:37.027868
90689000|0.0328|1|2024-04-27 17:38:37.027868
90690000|0.0051|1|2024-04-27 17:38:37.027868
90692000|0.0059|1|2024-04-27 17:38:37.027868
90693000|0.0017|1|2024-04-27 17:38:37.027868
90687000|0.0022|1|2024-04-27 17:38:42.131074
90689000|0.0328|1|2024-04-27 17:38:42.131074
90704000|0.0002|1|2024-04-27 17:38:42.131074
90735000|0.314|1|2024-04-27 17:38:42.131074
90741000|0.1101|1|2024-04-27 17:38:42.131074
90687000|0.0022|1|2024-04-27 17:38:47.318090
90695000|0.0328|1|2024-04-27 17:38:47.318090
90696000|0.0051|1|2024-04-27 17:38:47.318090
90697000|0.0059|1|2024-04-27 17:38:47.318090
90698000|0.0017|1|2024-04-27 17:38:47.318090
90687000|0.0022|1|2024-04-27 17:38:52.492181
90704000|0.0002|1|2024-04-27 17:38:52.492181
90707000|0.0328|1|2024-04-27 17:38:52.492181
90708000|0.0051|1|2024-04-27 17:38:52.492181
90710000|0.0059|1|2024-04-27 17:38:52.492181
90704000|0.0002|1|2024-04-27 17:38:57.607129
90707000|0.0328|1|2024-04-27 17:38:57.607129
90708000|0.0051|1|2024-04-27 17:38:57.607129
90710000|0.0059|1|2024-04-27 17:38:57.607129
90711000|0.0017|1|2024-04-27 17:38:57.607129
90703000|0.0001|1|2024-04-27 17:39:02.717463
90704000|0.0002|1|2024-04-27 17:39:02.717463
90707000|0.0328|1|2024-04-27 17:39:02.717463
90708000|0.0051|1|2024-04-27 17:39:02.717463
90710000|0.0059|1|2024-04-27 17:39:02.717463
90701000|0.002|1|2024-04-27 17:39:07.828034
90702000|0.0001|1|2024-04-27 17:39:07.828034
90704000|0.0002|1|2024-04-27 17:39:07.828034
90721000|0.0379|1|2024-04-27 17:39:07.828034
90722000|0.0059|1|2024-04-27 17:39:07.828034
90700000|0.0021|1|2024-04-27 17:39:12.945114
90704000|0.0002|1|2024-04-27 17:39:12.945114
90721000|0.0379|1|2024-04-27 17:39:12.945114
90722000|0.0059|1|2024-04-27 17:39:12.945114
90723000|0.0062|1|2024-04-27 17:39:12.945114
90757000|0.0328|1|2024-04-27 17:39:18.077839
90758000|0.0051|1|2024-04-27 17:39:18.077839
90759000|0.0017|1|2024-04-27 17:39:18.077839
90760000|0.0045|1|2024-04-27 17:39:18.077839
90761000|0.037|1|2024-04-27 17:39:18.077839
90784000|0.001|1|2024-04-27 17:39:23.225614
90800000|0.04|1|2024-04-27 17:39:23.225614
90805000|0.11|1|2024-04-27 17:39:23.225614
90824000|0.0328|1|2024-04-27 17:39:23.225614
90825000|0.0052|1|2024-04-27 17:39:23.225614
90784000|0.001|1|2024-04-27 17:39:28.340893
90800000|0.04|1|2024-04-27 17:39:28.340893
90805000|0.11|1|2024-04-27 17:39:28.340893
90826000|0.022|1|2024-04-27 17:39:28.340893
90831000|0.035|1|2024-04-27 17:39:28.340893
90783000|0.002|1|2024-04-27 17:39:33.476626
90784000|0.0003|1|2024-04-27 17:39:33.476626
90800000|0.04|1|2024-04-27 17:39:33.476626
90805000|0.11|1|2024-04-27 17:39:33.476626
90826000|0.022|1|2024-04-27 17:39:33.476626
90783000|0.002|1|2024-04-27 17:39:38.593177
90784000|0.0003|1|2024-04-27 17:39:38.593177
90800000|0.04|1|2024-04-27 17:39:38.593177
90826000|0.022|1|2024-04-27 17:39:38.593177
90831000|0.035|1|2024-04-27 17:39:38.593177
90800000|0.04|1|2024-04-27 17:39:43.718784
90826000|0.022|1|2024-04-27 17:39:43.718784
90837000|0.035|1|2024-04-27 17:39:43.718784
90838000|0.028|1|2024-04-27 17:39:43.718784
90839000|0.0379|1|2024-04-27 17:39:43.718784
90800000|0.04|1|2024-04-27 17:39:48.901230
90826000|0.022|1|2024-04-27 17:39:48.901230
90831000|0.035|1|2024-04-27 17:39:48.901230
90832000|0.028|1|2024-04-27 17:39:48.901230
90833000|0.0379|1|2024-04-27 17:39:48.901230
90800000|0.0248|1|2024-04-27 17:39:54.037219
90826000|0.022|1|2024-04-27 17:39:54.037219
