price|quantity|type|timestamp
91459000|0.109|1|2024-04-26 15:30:40
91463000|0.0182|1|2024-04-26 15:30:40
91464000|0.0125|1|2024-04-26 15:30:40
91467000|0.123|1|2024-04-26 15:30:40
91468000|0.0351|1|2024-04-26 15:30:40
91445000|0.1671|1|2024-04-26 15:30:45
91446000|0.179|1|2024-04-26 15:30:45
91447000|0.0553|1|2024-04-26 15:30:45
91448000|0.0652|1|2024-04-26 15:30:45
91449000|0.0567|1|2024-04-26 15:30:45
91436000|0.06|1|2024-04-26 15:30:50
91437000|0.294|1|2024-04-26 15:30:50
91438000|0.0271|1|2024-04-26 15:30:50
91439000|0.0583|1|2024-04-26 15:30:50
91440000|0.0555|1|2024-04-26 15:30:50
91437000|0.0002|1|2024-04-26 15:30:56
91462000|0.1241|1|2024-04-26 15:30:56
91463000|0.0182|1|2024-04-26 15:30:56
91464000|0.0125|1|2024-04-26 15:30:56
91468000|0.0351|1|2024-04-26 15:30:56
91436000|0.1091|1|2024-04-26 15:31:01
91437000|0.0002|1|2024-04-26 15:31:01
91463000|0.0182|1|2024-04-26 15:31:01
91464000|0.0125|1|2024-04-26 15:31:01
91468000|0.1592|1|2024-04-26 15:31:01
91436000|0.0591|1|2024-04-26 15:31:06
91437000|0.0002|1|2024-04-26 15:31:06
91463000|0.0182|1|2024-04-26 15:31:06
91464000|0.0125|1|2024-04-26 15:31:06
91468000|0.0351|1|2024-04-26 15:31:06
91460000|0.0893|1|2024-04-26 15:31:11
91463000|0.0182|1|2024-04-26 15:31:11
91464000|0.0125|1|2024-04-26 15:31:11
91468000|0.0351|1|2024-04-26 15:31:11
91469000|0.0407|1|2024-04-26 15:31:11
91463000|0.0182|1|2024-04-26 15:31:16
91464000|0.0125|1|2024-04-26 15:31:16
91468000|0.0351|1|2024-04-26 15:31:16
91469000|0.0407|1|2024-04-26 15:31:16
91470000|0.0041|1|2024-04-26 15:31:16
91455000|0.0002|1|2024-04-26 15:31:21
91457000|0.0001|1|2024-04-26 15:31:21
91458000|0.0001|1|2024-04-26 15:31:21
91460000|0.0002|1|2024-04-26 15:31:21
91461000|0.0066|1|2024-04-26 15:31:21
91468000|0.0277|1|2024-04-26 15:31:26
91469000|0.0407|1|2024-04-26 15:31:26
91470000|0.001|1|2024-04-26 15:31:26
91480000|0.0068|1|2024-04-26 15:31:26
91490000|0.0008|1|2024-04-26 15:31:26
91461000|0.0552|1|2024-04-26 15:31:31
91462000|0.1728|1|2024-04-26 15:31:31
91463000|0.0096|1|2024-04-26 15:31:31
91465000|0.1214|1|2024-04-26 15:31:31
91466000|1.2444|1|2024-04-26 15:31:31
91463000|0.1222|1|2024-04-26 15:31:37
91464000|1.2961|1|2024-04-26 15:31:37
91465000|0.0577|1|2024-04-26 15:31:37
91466000|1.2444|1|2024-04-26 15:31:37
91469000|0.0407|1|2024-04-26 15:31:37
91459000|0.1742|1|2024-04-26 15:31:42
91460000|0.1649|1|2024-04-26 15:31:42
91464000|1.2961|1|2024-04-26 15:31:42
91466000|1.2444|1|2024-04-26 15:31:42
91469000|0.0407|1|2024-04-26 15:31:42
91459000|0.1091|1|2024-04-26 15:31:47
91460000|0.6484|1|2024-04-26 15:31:47
91464000|1.2961|1|2024-04-26 15:31:47
91466000|1.3075|1|2024-04-26 15:31:47
91469000|0.0407|1|2024-04-26 15:31:47
91459000|0.0591|1|2024-04-26 15:31:52
91460000|0.5272|1|2024-04-26 15:31:52
91464000|1.2961|1|2024-04-26 15:31:52
91466000|1.2444|1|2024-04-26 15:31:52
91469000|0.0407|1|2024-04-26 15:31:52
91458000|0.0031|1|2024-04-26 15:31:57
91460000|0.5272|1|2024-04-26 15:31:57
91464000|1.2961|1|2024-04-26 15:31:57
91466000|1.8959|1|2024-04-26 15:31:57
91469000|0.0407|1|2024-04-26 15:31:57
91460000|0.5242|1|2024-04-26 15:32:02
91464000|1.2961|1|2024-04-26 15:32:02
91466000|1.8959|1|2024-04-26 15:32:02
91469000|0.0407|1|2024-04-26 15:32:02
91470000|0.6524|1|2024-04-26 15:32:02
91459000|0.0176|1|2024-04-26 15:32:07
91460000|0.5212|1|2024-04-26 15:32:07
91464000|1.2961|1|2024-04-26 15:32:07
91466000|1.8959|1|2024-04-26 15:32:07
91469000|0.0407|1|2024-04-26 15:32:07
91458000|0.1126|1|2024-04-26 15:32:12
91459000|0.1091|1|2024-04-26 15:32:12
91460000|0.5133|1|2024-04-26 15:32:12
91464000|1.2961|1|2024-04-26 15:32:12
91466000|1.8959|1|2024-04-26 15:32:12
91460000|0.5103|1|2024-04-26 15:32:18
91464000|1.2961|1|2024-04-26 15:32:18
91466000|1.8959|1|2024-04-26 15:32:18
91469000|0.0407|1|2024-04-26 15:32:18
91470000|0.6524|1|2024-04-26 15:32:18
91460000|0.4266|1|2024-04-26 15:32:23
91464000|1.2961|1|2024-04-26 15:32:23
91466000|1.8959|1|2024-04-26 15:32:23
91469000|0.0407|1|2024-04-26 15:32:23
91470000|0.6524|1|2024-04-26 15:32:23
91460000|0.4325|1|2024-04-26 15:32:28
91464000|1.2961|1|2024-04-26 15:32:28
91466000|1.8959|1|2024-04-26 15:32:28
91469000|0.0407|1|2024-04-26 15:32:28
91470000|0.6524|1|2024-04-26 15:32:28
91460000|0.4299|1|2024-04-26 15:32:33
91464000|1.2961|1|2024-04-26 15:32:33
91466000|1.8959|1|2024-04-26 15:32:33
91469000|0.0407|1|2024-04-26 15:32:33
91470000|0.6524|1|2024-04-26 15:32:33
91460000|0.4299|1|2024-04-26 15:32:38
91464000|1.2961|1|2024-04-26 15:32:38
91466000|1.8959|1|2024-04-26 15:32:38
91469000|0.0407|1|2024-04-26 15:32:38
91470000|0.6524|1|2024-04-26 15:32:38
91466000|1.1151|1|2024-04-26 15:32:43
91469000|0.0407|1|2024-04-26 15:32:43
91470000|0.6524|1|2024-04-26 15:32:43
91480000|0.6516|1|2024-04-26 15:32:43
91490000|0.0008|1|2024-04-26 15:32:43
91466000|0.7819|1|2024-04-26 15:32:48
91469000|0.0407|1|2024-04-26 15:32:48
91470000|0.6524|1|2024-04-26 15:32:48
91480000|0.6516|1|2024-04-26 15:32:48
91490000|0.0008|1|2024-04-26 15:32:48
91469000|0.0332|1|2024-04-26 15:32:53
91470000|0.6524|1|2024-04-26 15:32:53
91480000|0.6516|1|2024-04-26 15:32:53
91490000|0.0008|1|2024-04-26 15:32:53
91500000|0.3586|1|2024-04-26 15:32:53
91470000|0.5657|1|2024-04-26 15:32:59
91480000|0.6516|1|2024-04-26 15:32:59
91490000|0.0008|1|2024-04-26 15:32:59
91500000|0.3586|1|2024-04-26 15:32:59
91501000|0.0002|1|2024-04-26 15:32:59
91470000|0.564|1|2024-04-26 15:33:04
91480000|0.6516|1|2024-04-26 15:33:04
91490000|0.0008|1|2024-04-26 15:33:04
91500000|0.3586|1|2024-04-26 15:33:04
91501000|0.0002|1|2024-04-26 15:33:04
91470000|0.5512|1|2024-04-26 15:33:09
91480000|0.6516|1|2024-04-26 15:33:09
91490000|0.0008|1|2024-04-26 15:33:09
91494000|0.1091|1|2024-04-26 15:33:09
91500000|0.3586|1|2024-04-26 15:33:09
91470000|0.5482|1|2024-04-26 15:33:14
91480000|0.6516|1|2024-04-26 15:33:14
91490000|0.0008|1|2024-04-26 15:33:14
91500000|0.3586|1|2024-04-26 15:33:14
91501000|0.4393|1|2024-04-26 15:33:14
91470000|0.5482|1|2024-04-26 15:33:19
91480000|0.6516|1|2024-04-26 15:33:19
91490000|0.0008|1|2024-04-26 15:33:19
91500000|0.3586|1|2024-04-26 15:33:19
91501000|0.3302|1|2024-04-26 15:33:19
91470000|0.5439|1|2024-04-26 15:33:24
91480000|0.6516|1|2024-04-26 15:33:24
91490000|0.0008|1|2024-04-26 15:33:24
91500000|0.3586|1|2024-04-26 15:33:24
91501000|0.0002|1|2024-04-26 15:33:24
91470000|0.5424|1|2024-04-26 15:33:29
91480000|0.6516|1|2024-04-26 15:33:29
91490000|0.0008|1|2024-04-26 15:33:29
91500000|0.3586|1|2024-04-26 15:33:29
91501000|0.0002|1|2024-04-26 15:33:29
91469000|0.1314|1|2024-04-26 15:33:34
91470000|0.5361|1|2024-04-26 15:33:34
91480000|0.6516|1|2024-04-26 15:33:34
91481000|0.0618|1|2024-04-26 15:33:34
91490000|0.0008|1|2024-04-26 15:33:34
91433000|0.1719|1|2024-04-26 15:33:40
91434000|0.0072|1|2024-04-26 15:33:40
91448000|0.1177|1|2024-04-26 15:33:40
91449000|0.0626|1|2024-04-26 15:33:40
91460000|0.1736|1|2024-04-26 15:33:40
91444000|0.1091|1|2024-04-26 15:33:45
91445000|0.3|1|2024-04-26 15:33:45
91447000|0.063|1|2024-04-26 15:33:45
91457000|0.0569|1|2024-04-26 15:33:45
91470000|0.5994|1|2024-04-26 15:33:45
91445000|0.3|1|2024-04-26 15:33:50
91458000|0.0592|1|2024-04-26 15:33:50
91470000|0.5994|1|2024-04-26 15:33:50
91480000|0.6516|1|2024-04-26 15:33:50
91481000|0.0618|1|2024-04-26 15:33:50
91429000|0.0812|1|2024-04-26 15:33:55
91440000|0.0626|1|2024-04-26 15:33:55
91442000|0.0553|1|2024-04-26 15:33:55
91443000|0.2994|1|2024-04-26 15:33:55
91444000|0.0002|1|2024-04-26 15:33:55
91432000|0.0589|1|2024-04-26 15:34:00
91438000|0.0683|1|2024-04-26 15:34:00
91444000|0.0002|1|2024-04-26 15:34:00
91470000|0.5363|1|2024-04-26 15:34:00
91480000|0.6516|1|2024-04-26 15:34:00
91395000|0.1609|1|2024-04-26 15:34:05
91396000|0.2964|1|2024-04-26 15:34:05
91399000|0.0141|1|2024-04-26 15:34:05
91400000|0.02|1|2024-04-26 15:34:05
91402000|0.0002|1|2024-04-26 15:34:05
91390000|0.1088|1|2024-04-26 15:34:10
91391000|0.0514|1|2024-04-26 15:34:10
91392000|0.2964|1|2024-04-26 15:34:10
91395000|0.0002|1|2024-04-26 15:34:10
91398000|0.0609|1|2024-04-26 15:34:10
91385000|0.0592|1|2024-04-26 15:34:15
91389000|0.0601|1|2024-04-26 15:34:15
91395000|0.0002|1|2024-04-26 15:34:15
91398000|0.0609|1|2024-04-26 15:34:15
91400000|0.02|1|2024-04-26 15:34:15
91375000|0.2734|1|2024-04-26 15:34:21
91395000|0.0002|1|2024-04-26 15:34:21
91400000|0.02|1|2024-04-26 15:34:21
91402000|0.0002|1|2024-04-26 15:34:21
91430000|0.0634|1|2024-04-26 15:34:21
91375000|0.2497|1|2024-04-26 15:34:26
91395000|0.0002|1|2024-04-26 15:34:26
91400000|0.02|1|2024-04-26 15:34:26
91402000|0.0002|1|2024-04-26 15:34:26
91420000|0.0556|1|2024-04-26 15:34:26
91373000|0.082|1|2024-04-26 15:34:31
91374000|0.2308|1|2024-04-26 15:34:31
91375000|0.0002|1|2024-04-26 15:34:31
91384000|0.063|1|2024-04-26 15:34:31
91395000|0.0002|1|2024-04-26 15:34:31
91340000|0.0002|1|2024-04-26 15:34:36
91343000|0.0084|1|2024-04-26 15:34:36
91346000|0.0006|1|2024-04-26 15:34:36
91348000|0.0338|1|2024-04-26 15:34:36
91350000|0.0031|1|2024-04-26 15:34:36
91351000|0.2307|1|2024-04-26 15:34:41
91352000|0.0624|1|2024-04-26 15:34:41
91365000|0.0553|1|2024-04-26 15:34:41
91375000|0.0002|1|2024-04-26 15:34:41
91383000|0.0615|1|2024-04-26 15:34:41
91350000|0.0103|1|2024-04-26 15:34:46
91351000|0.2001|1|2024-04-26 15:34:46
91375000|0.0002|1|2024-04-26 15:34:46
91395000|0.0002|1|2024-04-26 15:34:46
91400000|0.0211|1|2024-04-26 15:34:46
91350000|0.1889|1|2024-04-26 15:34:51
91375000|0.0002|1|2024-04-26 15:34:51
91395000|0.0002|1|2024-04-26 15:34:51
91400000|0.0211|1|2024-04-26 15:34:51
91402000|0.0002|1|2024-04-26 15:34:51
91349000|0.1292|1|2024-04-26 15:34:56
91363000|0.0631|1|2024-04-26 15:34:56
91400000|0.0078|1|2024-04-26 15:34:56
91402000|0.0002|1|2024-04-26 15:34:56
91409000|0.0637|1|2024-04-26 15:34:56
91349000|0.1092|1|2024-04-26 15:35:01
91363000|0.0631|1|2024-04-26 15:35:01
91400000|0.0078|1|2024-04-26 15:35:01
91402000|0.0002|1|2024-04-26 15:35:01
91409000|0.0637|1|2024-04-26 15:35:01
91336000|0.0127|1|2024-04-26 15:35:07
91372000|0.33|1|2024-04-26 15:35:07
91394000|0.0586|1|2024-04-26 15:35:07
91400000|0.0078|1|2024-04-26 15:35:07
91402000|0.0002|1|2024-04-26 15:35:07
91336000|0.0382|1|2024-04-26 15:35:12
91366000|0.33|1|2024-04-26 15:35:12
91400000|0.0078|1|2024-04-26 15:35:12
91402000|0.3302|1|2024-04-26 15:35:12
91409000|0.0637|1|2024-04-26 15:35:12
91398000|0.0184|1|2024-04-26 15:35:17
91399000|0.0252|1|2024-04-26 15:35:17
91400000|0.0078|1|2024-04-26 15:35:17
91402000|0.3302|1|2024-04-26 15:35:17
91408000|0.0538|1|2024-04-26 15:35:17
91336000|0.33|1|2024-04-26 15:35:22
91363000|0.0631|1|2024-04-26 15:35:22
91364000|0.2809|1|2024-04-26 15:35:22
91395000|0.477|1|2024-04-26 15:35:22
91398000|0.0643|1|2024-04-26 15:35:22
91399000|0.0078|1|2024-04-26 15:35:27
91400000|0.0078|1|2024-04-26 15:35:27
91402000|0.0002|1|2024-04-26 15:35:27
91434000|0.0537|1|2024-04-26 15:35:27
91444000|0.0002|1|2024-04-26 15:35:27
91399000|0.0078|1|2024-04-26 15:35:32
91400000|0.0078|1|2024-04-26 15:35:32
91402000|0.0002|1|2024-04-26 15:35:32
91405000|0.3846|1|2024-04-26 15:35:32
91424000|0.0624|1|2024-04-26 15:35:32
91399000|0.0078|1|2024-04-26 15:35:37
91400000|0.0078|1|2024-04-26 15:35:37
91402000|0.0002|1|2024-04-26 15:35:37
91424000|0.0624|1|2024-04-26 15:35:37
91434000|0.0537|1|2024-04-26 15:35:37
91369000|0.0631|1|2024-04-26 15:35:43
91370000|0.3298|1|2024-04-26 15:35:43
91400000|0.0647|1|2024-04-26 15:35:43
91402000|0.0002|1|2024-04-26 15:35:43
91407000|0.33|1|2024-04-26 15:35:43
91369000|0.0601|1|2024-04-26 15:35:48
91395000|0.33|1|2024-04-26 15:35:48
91400000|0.0633|1|2024-04-26 15:35:48
91402000|0.0002|1|2024-04-26 15:35:48
91407000|0.33|1|2024-04-26 15:35:48
91369000|0.0601|1|2024-04-26 15:35:53
91395000|0.33|1|2024-04-26 15:35:53
91400000|0.0078|1|2024-04-26 15:35:53
91402000|0.0002|1|2024-04-26 15:35:53
91411000|0.0576|1|2024-04-26 15:35:53
91369000|0.0601|1|2024-04-26 15:35:58
91378000|0.33|1|2024-04-26 15:35:58
91400000|0.0078|1|2024-04-26 15:35:58
91402000|0.0002|1|2024-04-26 15:35:58
91411000|0.0576|1|2024-04-26 15:35:58
91369000|0.16|1|2024-04-26 15:36:03
91378000|0.33|1|2024-04-26 15:36:03
91400000|0.0078|1|2024-04-26 15:36:03
91401000|0.0652|1|2024-04-26 15:36:03
91402000|0.0002|1|2024-04-26 15:36:03
91369000|0.1556|1|2024-04-26 15:36:08
91378000|0.33|1|2024-04-26 15:36:08
91400000|0.0078|1|2024-04-26 15:36:08
91402000|0.0002|1|2024-04-26 15:36:08
91404000|0.33|1|2024-04-26 15:36:08
91369000|0.1|1|2024-04-26 15:36:13
91378000|0.33|1|2024-04-26 15:36:13
91400000|0.0078|1|2024-04-26 15:36:13
91402000|0.0002|1|2024-04-26 15:36:13
91404000|0.33|1|2024-04-26 15:36:13
91369000|0.0936|1|2024-04-26 15:36:18
91385000|0.0631|1|2024-04-26 15:36:18
91400000|0.0078|1|2024-04-26 15:36:18
91402000|0.0002|1|2024-04-26 15:36:18
91405000|0.1245|1|2024-04-26 15:36:18
91369000|0.0936|1|2024-04-26 15:36:24
91396000|0.33|1|2024-04-26 15:36:24
91398000|0.0116|1|2024-04-26 15:36:24
91399000|0.1241|1|2024-04-26 15:36:24
91400000|0.0078|1|2024-04-26 15:36:24
91413000|0.142|1|2024-04-26 15:39:07
91414000|0.0314|1|2024-04-26 15:39:07
91415000|0.183|1|2024-04-26 15:39:07
91418000|0.0001|1|2024-04-26 15:39:07
91440000|0.0631|1|2024-04-26 15:39:07
91413000|0.1397|1|2024-04-26 15:39:12
91414000|0.0314|1|2024-04-26 15:39:12
91415000|0.183|1|2024-04-26 15:39:12
91418000|0.0001|1|2024-04-26 15:39:12
91425000|0.0612|1|2024-04-26 15:39:12
91413000|0.1336|1|2024-04-26 15:39:17
91414000|0.0314|1|2024-04-26 15:39:17
91415000|0.183|1|2024-04-26 15:39:17
91418000|0.0001|1|2024-04-26 15:39:17
91425000|0.0612|1|2024-04-26 15:39:17
91413000|0.1227|1|2024-04-26 15:39:22
91414000|0.0314|1|2024-04-26 15:39:22
91415000|0.183|1|2024-04-26 15:39:22
91418000|0.0001|1|2024-04-26 15:39:22
91430000|0.0589|1|2024-04-26 15:39:22
91413000|0.1041|1|2024-04-26 15:39:27
91414000|0.0314|1|2024-04-26 15:39:27
91415000|0.183|1|2024-04-26 15:39:27
91418000|0.0001|1|2024-04-26 15:39:27
91430000|0.0589|1|2024-04-26 15:39:27
91413000|0.1041|1|2024-04-26 15:39:32
91414000|0.0314|1|2024-04-26 15:39:32
91415000|0.183|1|2024-04-26 15:39:32
91418000|0.0001|1|2024-04-26 15:39:32
91440000|0.0631|1|2024-04-26 15:39:32
91413000|0.1028|1|2024-04-26 15:39:38
91414000|0.0314|1|2024-04-26 15:39:38
91415000|0.183|1|2024-04-26 15:39:38
91418000|0.0001|1|2024-04-26 15:39:38
91440000|0.0631|1|2024-04-26 15:39:38
91413000|0.1028|1|2024-04-26 15:39:43
91414000|0.0314|1|2024-04-26 15:39:43
91415000|0.183|1|2024-04-26 15:39:43
91418000|0.0001|1|2024-04-26 15:39:43
91440000|0.0631|1|2024-04-26 15:39:43
91413000|0.1041|1|2024-04-26 15:39:48
91414000|0.0314|1|2024-04-26 15:39:48
91415000|0.183|1|2024-04-26 15:39:48
91418000|0.0001|1|2024-04-26 15:39:48
91462000|0.0542|1|2024-04-26 15:39:48
91413000|0.1038|1|2024-04-26 15:39:53
91414000|0.0314|1|2024-04-26 15:39:53
91415000|0.183|1|2024-04-26 15:39:53
91418000|0.0001|1|2024-04-26 15:39:53
91462000|0.0542|1|2024-04-26 15:39:53
91413000|0.1031|1|2024-04-26 15:39:58
91414000|0.0314|1|2024-04-26 15:39:58
91415000|0.183|1|2024-04-26 15:39:58
91418000|0.0001|1|2024-04-26 15:39:58
91462000|0.0542|1|2024-04-26 15:39:58
91413000|0.1031|1|2024-04-26 15:40:03
91414000|0.0314|1|2024-04-26 15:40:03
91415000|0.183|1|2024-04-26 15:40:03
91418000|0.0001|1|2024-04-26 15:40:03
91462000|0.0542|1|2024-04-26 15:40:03
91413000|0.1031|1|2024-04-26 15:40:08
91414000|0.0314|1|2024-04-26 15:40:08
91415000|0.183|1|2024-04-26 15:40:08
91418000|0.0001|1|2024-04-26 15:40:08
91470000|0.5198|1|2024-04-26 15:40:08
91413000|0.1018|1|2024-04-26 15:40:13
91414000|0.0314|1|2024-04-26 15:40:13
91415000|0.183|1|2024-04-26 15:40:13
91418000|0.0001|1|2024-04-26 15:40:13
91470000|0.5198|1|2024-04-26 15:40:13
91413000|0.1018|1|2024-04-26 15:40:19
91414000|0.0314|1|2024-04-26 15:40:19
91415000|0.183|1|2024-04-26 15:40:19
91418000|0.0001|1|2024-04-26 15:40:19
91470000|0.5198|1|2024-04-26 15:40:19
91413000|0.1018|1|2024-04-26 15:40:24
91414000|0.0314|1|2024-04-26 15:40:24
91415000|0.183|1|2024-04-26 15:40:24
91418000|0.0001|1|2024-04-26 15:40:24
91456000|0.0546|1|2024-04-26 15:40:24
91413000|0.1018|1|2024-04-26 15:40:29
91414000|0.0314|1|2024-04-26 15:40:29
91415000|0.183|1|2024-04-26 15:40:29
91418000|0.0001|1|2024-04-26 15:40:29
91456000|0.0546|1|2024-04-26 15:40:29
91412000|0.0003|1|2024-04-26 15:40:34
91413000|0.1016|1|2024-04-26 15:40:34
91414000|0.0314|1|2024-04-26 15:40:34
91415000|0.183|1|2024-04-26 15:40:34
91418000|0.0001|1|2024-04-26 15:40:34
91413000|0.0992|1|2024-04-26 15:40:39
91414000|0.0314|1|2024-04-26 15:40:39
91415000|0.041|1|2024-04-26 15:40:39
91418000|0.0001|1|2024-04-26 15:40:39
91466000|0.0394|1|2024-04-26 15:40:39
91413000|0.0992|1|2024-04-26 15:40:44
91414000|0.0314|1|2024-04-26 15:40:44
91415000|0.041|1|2024-04-26 15:40:44
91418000|0.0001|1|2024-04-26 15:40:44
91466000|0.0394|1|2024-04-26 15:40:44
91413000|0.0992|1|2024-04-26 15:40:49
91414000|0.0314|1|2024-04-26 15:40:49
91415000|0.041|1|2024-04-26 15:40:49
91418000|0.0001|1|2024-04-26 15:40:49
91467000|0.0556|1|2024-04-26 15:40:49
91412000|0.0216|1|2024-04-26 15:40:54
91413000|0.0261|1|2024-04-26 15:40:54
91414000|0.0314|1|2024-04-26 15:40:54
91415000|0.041|1|2024-04-26 15:40:54
91418000|0.0001|1|2024-04-26 15:40:54
91412000|0.0216|1|2024-04-26 15:41:00
91413000|0.0261|1|2024-04-26 15:41:00
91414000|0.0314|1|2024-04-26 15:41:00
91415000|0.041|1|2024-04-26 15:41:00
91418000|0.0001|1|2024-04-26 15:41:00
91412000|0.1654|1|2024-04-26 15:41:05
91413000|0.0244|1|2024-04-26 15:41:05
91414000|0.0314|1|2024-04-26 15:41:05
91415000|0.041|1|2024-04-26 15:41:05
91418000|0.0001|1|2024-04-26 15:41:05
91412000|0.0234|1|2024-04-26 15:41:10
91414000|0.0035|1|2024-04-26 15:41:10
91415000|0.041|1|2024-04-26 15:41:10
91418000|0.0001|1|2024-04-26 15:41:10
91469000|0.0367|1|2024-04-26 15:41:10
91412000|0.0234|1|2024-04-26 15:41:15
91414000|0.0035|1|2024-04-26 15:41:15
91415000|0.041|1|2024-04-26 15:41:15
91418000|0.0001|1|2024-04-26 15:41:15
91469000|0.0367|1|2024-04-26 15:41:15
91470000|0.4999|1|2024-04-26 15:41:20
91480000|0.6516|1|2024-04-26 15:41:20
91490000|0.0008|1|2024-04-26 15:41:20
91500000|0.3506|1|2024-04-26 15:41:20
91501000|0.0002|1|2024-04-26 15:41:20
91469000|0.0177|1|2024-04-26 15:41:25
91470000|0.5016|1|2024-04-26 15:41:25
91480000|0.6516|1|2024-04-26 15:41:25
91490000|0.0008|1|2024-04-26 15:41:25
91500000|0.3506|1|2024-04-26 15:41:25
91469000|0.0625|1|2024-04-26 15:41:30
91470000|0.4635|1|2024-04-26 15:41:30
91480000|0.6516|1|2024-04-26 15:41:30
91489000|0.0577|1|2024-04-26 15:41:30
91490000|0.0008|1|2024-04-26 15:41:30
91469000|0.196|1|2024-04-26 15:41:35
91470000|0.6055|1|2024-04-26 15:41:35
91480000|0.6516|1|2024-04-26 15:41:35
91489000|0.0577|1|2024-04-26 15:41:35
91490000|0.0008|1|2024-04-26 15:41:35
91469000|0.142|1|2024-04-26 15:41:40
91470000|0.6037|1|2024-04-26 15:41:40
91480000|0.6516|1|2024-04-26 15:41:40
91490000|0.0008|1|2024-04-26 15:41:40
91496000|0.0555|1|2024-04-26 15:41:40
91470000|0.6037|1|2024-04-26 15:41:46
91480000|0.6516|1|2024-04-26 15:41:46
91490000|0.0008|1|2024-04-26 15:41:46
91500000|0.3506|1|2024-04-26 15:41:46
91501000|0.0002|1|2024-04-26 15:41:46
91470000|0.5985|1|2024-04-26 15:41:51
91480000|0.6516|1|2024-04-26 15:41:51
91490000|0.0008|1|2024-04-26 15:41:51
91500000|0.3506|1|2024-04-26 15:41:51
91501000|0.0002|1|2024-04-26 15:41:51
91470000|0.3552|1|2024-04-26 15:41:56
91480000|0.6516|1|2024-04-26 15:41:56
91490000|0.0008|1|2024-04-26 15:41:56
91500000|0.3506|1|2024-04-26 15:41:56
91501000|0.0002|1|2024-04-26 15:41:56
91470000|0.0233|1|2024-04-26 15:42:01
91480000|0.6516|1|2024-04-26 15:42:01
91490000|0.0008|1|2024-04-26 15:42:01
91500000|0.3506|1|2024-04-26 15:42:01
91501000|0.0002|1|2024-04-26 15:42:01
91480000|0.6299|1|2024-04-26 15:42:06
91485000|0.063|1|2024-04-26 15:42:06
91490000|0.0008|1|2024-04-26 15:42:06
91500000|0.3506|1|2024-04-26 15:42:06
91501000|0.0002|1|2024-04-26 15:42:06
91480000|0.5298|1|2024-04-26 15:42:11
91490000|0.0008|1|2024-04-26 15:42:11
91494000|0.063|1|2024-04-26 15:42:11
91500000|0.3506|1|2024-04-26 15:42:11
91501000|0.0002|1|2024-04-26 15:42:11
91480000|0.5298|1|2024-04-26 15:42:16
91490000|0.0008|1|2024-04-26 15:42:16
91500000|0.3506|1|2024-04-26 15:42:16
91501000|0.0002|1|2024-04-26 15:42:16
91512000|0.0652|1|2024-04-26 15:42:16
91480000|0.0109|1|2024-04-26 15:42:22
91490000|0.0008|1|2024-04-26 15:42:22
91500000|0.3506|1|2024-04-26 15:42:22
91501000|0.0002|1|2024-04-26 15:42:22
91507000|0.0548|1|2024-04-26 15:42:22
91480000|0.0|1|2024-04-26 15:42:27
91490000|0.0008|1|2024-04-26 15:42:27
91500000|0.3506|1|2024-04-26 15:42:27
91501000|0.0002|1|2024-04-26 15:42:27
91518000|0.0002|1|2024-04-26 15:42:27
91552000|0.0063|1|2024-04-26 15:42:32
91599000|0.1122|1|2024-04-26 15:42:32
91600000|0.0127|1|2024-04-26 15:42:32
91603000|0.0002|1|2024-04-26 15:42:32
91605000|0.0002|1|2024-04-26 15:42:32
91599000|0.1492|1|2024-04-26 15:42:37
91600000|0.0127|1|2024-04-26 15:42:37
91603000|0.0002|1|2024-04-26 15:42:37
91605000|0.0002|1|2024-04-26 15:42:37
91620000|0.0001|1|2024-04-26 15:42:37
91598000|0.0001|1|2024-04-26 15:42:42
91599000|0.1492|1|2024-04-26 15:42:42
91600000|0.1547|1|2024-04-26 15:42:42
91603000|0.0002|1|2024-04-26 15:42:42
91605000|0.0002|1|2024-04-26 15:42:42
91602000|0.0167|1|2024-04-26 15:42:47
91603000|0.0167|1|2024-04-26 15:42:47
91605000|0.0002|1|2024-04-26 15:42:47
91620000|0.0001|1|2024-04-26 15:42:47
91626000|0.0001|1|2024-04-26 15:42:47
91603000|0.0002|1|2024-04-26 15:42:52
91605000|0.0002|1|2024-04-26 15:42:52
91620000|0.0001|1|2024-04-26 15:42:52
91626000|0.0001|1|2024-04-26 15:42:52
91634000|0.0586|1|2024-04-26 15:42:52
91605000|0.0002|1|2024-04-26 15:42:57
91620000|0.0001|1|2024-04-26 15:42:57
91626000|0.0001|1|2024-04-26 15:42:57
91639000|0.0002|1|2024-04-26 15:42:57
91647000|0.0002|1|2024-04-26 15:42:57
91605000|0.0063|1|2024-04-26 15:43:03
91620000|0.0001|1|2024-04-26 15:43:03
91626000|0.0001|1|2024-04-26 15:43:03
91639000|0.0002|1|2024-04-26 15:43:03
91647000|0.0002|1|2024-04-26 15:43:03
91619000|0.0063|1|2024-04-26 15:43:08
91620000|0.0001|1|2024-04-26 15:43:08
91626000|0.0001|1|2024-04-26 15:43:08
91639000|0.0002|1|2024-04-26 15:43:08
91647000|0.0002|1|2024-04-26 15:43:08
91619000|0.0|1|2024-04-26 15:43:13
91620000|0.0001|1|2024-04-26 15:43:13
91626000|0.0001|1|2024-04-26 15:43:13
91639000|0.0002|1|2024-04-26 15:43:13
91647000|0.0002|1|2024-04-26 15:43:13
91626000|0.0001|1|2024-04-26 15:43:18
91639000|0.0002|1|2024-04-26 15:43:18
91647000|0.0002|1|2024-04-26 15:43:18
91659000|0.0008|1|2024-04-26 15:43:18
91662000|0.33|1|2024-04-26 15:43:18
91625000|0.0062|1|2024-04-26 15:43:23
91626000|0.0001|1|2024-04-26 15:43:23
91639000|0.0002|1|2024-04-26 15:43:23
91647000|0.0002|1|2024-04-26 15:43:23
91659000|0.0008|1|2024-04-26 15:43:23
91626000|0.0002|1|2024-04-26 15:43:28
91639000|0.0002|1|2024-04-26 15:43:28
91647000|0.0002|1|2024-04-26 15:43:28
91659000|0.0008|1|2024-04-26 15:43:28
91662000|0.33|1|2024-04-26 15:43:28
91638000|0.0062|1|2024-04-26 15:43:33
91639000|0.0002|1|2024-04-26 15:43:33
91647000|0.0002|1|2024-04-26 15:43:33
91659000|0.0008|1|2024-04-26 15:43:33
91662000|0.33|1|2024-04-26 15:43:33
91626000|0.0318|1|2024-04-26 15:43:38
91638000|0.0062|1|2024-04-26 15:43:38
91639000|0.0002|1|2024-04-26 15:43:38
91647000|0.0002|1|2024-04-26 15:43:38
91659000|0.0008|1|2024-04-26 15:43:38
91626000|0.0318|1|2024-04-26 15:43:43
91638000|0.0062|1|2024-04-26 15:43:43
91639000|0.0002|1|2024-04-26 15:43:43
91647000|0.0002|1|2024-04-26 15:43:43
91658000|0.1247|1|2024-04-26 15:43:43
91638000|0.0725|1|2024-04-26 15:43:49
91639000|0.0002|1|2024-04-26 15:43:49
91644000|0.33|1|2024-04-26 15:43:49
91647000|0.0002|1|2024-04-26 15:43:49
91658000|0.1241|1|2024-04-26 15:43:49
91638000|0.0725|1|2024-04-26 15:43:54
91639000|0.0002|1|2024-04-26 15:43:54
91647000|0.0002|1|2024-04-26 15:43:54
91658000|0.1238|1|2024-04-26 15:43:54
91659000|0.0644|1|2024-04-26 15:43:54
91638000|0.0725|1|2024-04-26 15:43:59
91639000|0.0002|1|2024-04-26 15:43:59
91647000|0.0002|1|2024-04-26 15:43:59
91659000|0.0644|1|2024-04-26 15:43:59
91660000|0.33|1|2024-04-26 15:43:59
91638000|0.0568|1|2024-04-26 15:44:04
91639000|0.0002|1|2024-04-26 15:44:04
91647000|0.0002|1|2024-04-26 15:44:04
91659000|0.0644|1|2024-04-26 15:44:04
91660000|0.33|1|2024-04-26 15:44:04
91638000|0.0568|1|2024-04-26 15:44:09
91639000|0.0002|1|2024-04-26 15:44:09
91647000|0.0002|1|2024-04-26 15:44:09
91658000|0.1231|1|2024-04-26 15:44:09
91659000|0.0644|1|2024-04-26 15:44:09
91637000|0.1232|1|2024-04-26 15:44:14
91638000|0.0567|1|2024-04-26 15:44:14
91639000|0.0002|1|2024-04-26 15:44:14
91647000|0.0002|1|2024-04-26 15:44:14
91659000|0.0644|1|2024-04-26 15:44:14
91629000|0.319|1|2024-04-26 15:44:19
91638000|0.0546|1|2024-04-26 15:44:19
91639000|0.0002|1|2024-04-26 15:44:19
91643000|0.0624|1|2024-04-26 15:44:19
91647000|0.0002|1|2024-04-26 15:44:19
91609000|0.0631|1|2024-04-26 15:44:24
91610000|0.0456|1|2024-04-26 15:44:24
91629000|0.3189|1|2024-04-26 15:44:24
91636000|0.06|1|2024-04-26 15:44:24
91639000|0.0002|1|2024-04-26 15:44:24
91609000|0.0625|1|2024-04-26 15:44:30
91629000|0.0002|1|2024-04-26 15:44:30
91635000|0.1245|1|2024-04-26 15:44:30
91636000|0.06|1|2024-04-26 15:44:30
91638000|0.33|1|2024-04-26 15:44:30
91609000|0.0614|1|2024-04-26 15:44:35
91629000|0.0002|1|2024-04-26 15:44:35
91637000|0.1241|1|2024-04-26 15:44:35
91638000|0.33|1|2024-04-26 15:44:35
91639000|0.0002|1|2024-04-26 15:44:35
91609000|0.0557|1|2024-04-26 15:44:40
91629000|0.0002|1|2024-04-26 15:44:40
91637000|0.1241|1|2024-04-26 15:44:40
91638000|0.33|1|2024-04-26 15:44:40
91639000|0.0002|1|2024-04-26 15:44:40
91609000|0.0568|1|2024-04-26 15:44:45
91629000|0.0002|1|2024-04-26 15:44:45
91637000|0.1241|1|2024-04-26 15:44:45
91638000|0.33|1|2024-04-26 15:44:45
91639000|0.0002|1|2024-04-26 15:44:45
91609000|0.0012|1|2024-04-26 15:44:50
91629000|0.0002|1|2024-04-26 15:44:50
91639000|0.0002|1|2024-04-26 15:44:50
91647000|0.0002|1|2024-04-26 15:44:50
91659000|0.0008|1|2024-04-26 15:44:50
91615000|0.0062|1|2024-04-26 15:44:55
91629000|0.0002|1|2024-04-26 15:44:55
91639000|0.0002|1|2024-04-26 15:44:55
91647000|0.0002|1|2024-04-26 15:44:55
91659000|0.0008|1|2024-04-26 15:44:55
91639000|0.0002|1|2024-04-26 15:45:00
91647000|0.0002|1|2024-04-26 15:45:00
91659000|0.0008|1|2024-04-26 15:45:00
91664000|0.0002|1|2024-04-26 15:45:00
91667000|0.001|1|2024-04-26 15:45:00
91647000|0.0002|1|2024-04-26 15:45:05
91659000|0.0008|1|2024-04-26 15:45:05
91664000|0.0002|1|2024-04-26 15:45:05
91667000|0.001|1|2024-04-26 15:45:05
91669000|0.0062|1|2024-04-26 15:45:05
91647000|0.0002|1|2024-04-26 15:45:11
91659000|0.0008|1|2024-04-26 15:45:11
91664000|0.0002|1|2024-04-26 15:45:11
91667000|0.001|1|2024-04-26 15:45:11
91670000|0.0001|1|2024-04-26 15:45:11
91678000|0.0062|1|2024-04-26 15:45:16
91679000|0.0017|1|2024-04-26 15:45:16
91699000|0.1232|1|2024-04-26 15:45:16
91700000|0.0111|1|2024-04-26 15:45:16
91702000|0.001|1|2024-04-26 15:45:16
91678000|0.0035|1|2024-04-26 15:45:21
91679000|0.0017|1|2024-04-26 15:45:21
91700000|0.0111|1|2024-04-26 15:45:21
91702000|0.001|1|2024-04-26 15:45:21
91712000|0.0005|1|2024-04-26 15:45:21
91678000|0.0034|1|2024-04-26 15:45:26
91679000|0.0017|1|2024-04-26 15:45:26
91700000|0.0111|1|2024-04-26 15:45:26
91702000|0.001|1|2024-04-26 15:45:26
91712000|0.0005|1|2024-04-26 15:45:26
91678000|0.0034|1|2024-04-26 15:45:31
91679000|0.0017|1|2024-04-26 15:45:31
91700000|0.0111|1|2024-04-26 15:45:31
91702000|0.001|1|2024-04-26 15:45:31
91712000|0.0005|1|2024-04-26 15:45:31
91679000|0.0017|1|2024-04-26 15:45:36
91681000|0.0111|1|2024-04-26 15:45:36
91700000|0.0111|1|2024-04-26 15:45:36
91702000|0.001|1|2024-04-26 15:45:36
91712000|0.0005|1|2024-04-26 15:45:36
91679000|0.0017|1|2024-04-26 15:45:41
91681000|0.0111|1|2024-04-26 15:45:41
91700000|0.0111|1|2024-04-26 15:45:41
91702000|0.001|1|2024-04-26 15:45:41
91712000|0.0005|1|2024-04-26 15:45:41
91679000|0.0017|1|2024-04-26 15:45:47
91681000|0.0111|1|2024-04-26 15:45:47
91700000|0.0111|1|2024-04-26 15:45:47
91702000|0.001|1|2024-04-26 15:45:47
91712000|0.0005|1|2024-04-26 15:45:47
91679000|0.0018|1|2024-04-26 15:45:52
91681000|0.0111|1|2024-04-26 15:45:52
91700000|0.0111|1|2024-04-26 15:45:52
91702000|0.001|1|2024-04-26 15:45:52
91712000|0.0005|1|2024-04-26 15:45:52
91667000|0.0083|1|2024-04-26 15:45:57
91681000|0.0111|1|2024-04-26 15:45:57
91688000|0.0313|1|2024-04-26 15:45:57
91700000|0.0111|1|2024-04-26 15:45:57
91702000|0.001|1|2024-04-26 15:45:57
91656000|0.013|1|2024-04-26 15:46:02
91657000|0.062|1|2024-04-26 15:46:02
91667000|0.0626|1|2024-04-26 15:46:02
91678000|0.058|1|2024-04-26 15:46:02
91688000|0.0313|1|2024-04-26 15:46:02
91656000|0.0131|1|2024-04-26 15:46:07
91657000|0.062|1|2024-04-26 15:46:07
91678000|0.058|1|2024-04-26 15:46:07
91688000|0.0313|1|2024-04-26 15:46:07
91700000|0.0111|1|2024-04-26 15:46:07
91657000|0.0608|1|2024-04-26 15:46:12
91678000|0.0002|1|2024-04-26 15:46:12
91688000|0.0901|1|2024-04-26 15:46:12
91700000|0.0111|1|2024-04-26 15:46:12
91702000|0.001|1|2024-04-26 15:46:12
91657000|0.0608|1|2024-04-26 15:46:17
91659000|0.0008|1|2024-04-26 15:46:17
91678000|0.0002|1|2024-04-26 15:46:17
91696000|0.0465|1|2024-04-26 15:46:17
91699000|0.0485|1|2024-04-26 15:46:17
91656000|0.0174|1|2024-04-26 15:46:23
91657000|0.0608|1|2024-04-26 15:46:23
91659000|0.0008|1|2024-04-26 15:46:23
91667000|0.001|1|2024-04-26 15:46:23
91678000|0.0002|1|2024-04-26 15:46:23
91657000|0.0608|1|2024-04-26 15:46:28
91659000|0.0008|1|2024-04-26 15:46:28
91663000|0.0814|1|2024-04-26 15:46:28
91664000|0.33|1|2024-04-26 15:46:28
91667000|0.001|1|2024-04-26 15:46:28
91656000|0.0724|1|2024-04-26 15:46:33
91657000|0.0608|1|2024-04-26 15:46:33
91659000|0.0008|1|2024-04-26 15:46:33
91664000|0.33|1|2024-04-26 15:46:33
91667000|0.001|1|2024-04-26 15:46:33
91643000|0.33|1|2024-04-26 15:46:38
91644000|0.0006|1|2024-04-26 15:46:38
91645000|0.0021|1|2024-04-26 15:46:38
91647000|0.0292|1|2024-04-26 15:46:38
91657000|0.0608|1|2024-04-26 15:46:38
91624000|0.33|1|2024-04-26 15:46:43
91642000|0.0174|1|2024-04-26 15:46:43
91643000|0.0004|1|2024-04-26 15:46:43
91645000|0.0021|1|2024-04-26 15:46:43
91647000|0.0292|1|2024-04-26 15:46:43
91607000|0.0299|1|2024-04-26 15:46:48
91622000|0.0828|1|2024-04-26 15:46:48
91623000|0.0636|1|2024-04-26 15:46:48
91624000|0.3302|1|2024-04-26 15:46:48
91626000|0.0588|1|2024-04-26 15:46:48
91589000|0.0701|1|2024-04-26 15:46:53
91590000|0.3301|1|2024-04-26 15:46:53
91600000|0.063|1|2024-04-26 15:46:53
91601000|0.0002|1|2024-04-26 15:46:53
91607000|0.0301|1|2024-04-26 15:46:53
91542000|0.063|1|2024-04-26 15:46:58
91543000|0.0001|1|2024-04-26 15:46:58
91589000|0.0699|1|2024-04-26 15:46:58
91590000|0.33|1|2024-04-26 15:46:58
91599000|0.0006|1|2024-04-26 15:46:58
91543000|0.0001|1|2024-04-26 15:47:04
91587000|0.063|1|2024-04-26 15:47:04
91601000|0.0002|1|2024-04-26 15:47:04
91607000|0.0301|1|2024-04-26 15:47:04
91617000|0.0465|1|2024-04-26 15:47:04
91616000|0.0228|1|2024-04-26 15:47:09
91617000|0.0228|1|2024-04-26 15:47:09
91624000|0.0002|1|2024-04-26 15:47:09
91645000|0.0021|1|2024-04-26 15:47:09
91647000|0.1078|1|2024-04-26 15:47:09
91616000|0.0001|1|2024-04-26 15:47:14
91624000|0.0002|1|2024-04-26 15:47:14
91645000|0.0486|1|2024-04-26 15:47:14
91648000|0.0265|1|2024-04-26 15:47:14
91659000|0.0008|1|2024-04-26 15:47:14
91612000|0.0001|1|2024-04-26 15:47:19
91616000|0.1|1|2024-04-26 15:47:19
91624000|0.0002|1|2024-04-26 15:47:19
91658000|0.0629|1|2024-04-26 15:47:19
91659000|0.0008|1|2024-04-26 15:47:19
91615000|0.0028|1|2024-04-26 15:47:24
91616000|0.0999|1|2024-04-26 15:47:24
91624000|0.0002|1|2024-04-26 15:47:24
91659000|0.0008|1|2024-04-26 15:47:24
91667000|0.001|1|2024-04-26 15:47:24
91587000|0.003|1|2024-04-26 15:47:29
91615000|0.1048|1|2024-04-26 15:47:29
91616000|0.0999|1|2024-04-26 15:47:29
91624000|0.0002|1|2024-04-26 15:47:29
91647000|0.0601|1|2024-04-26 15:47:29
91563000|0.003|1|2024-04-26 15:47:34
91611000|0.002|1|2024-04-26 15:47:34
91612000|0.1039|1|2024-04-26 15:47:34
91613000|0.0583|1|2024-04-26 15:47:34
91616000|0.1001|1|2024-04-26 15:47:34
91517000|0.0009|1|2024-04-26 15:47:39
91544000|0.0352|1|2024-04-26 15:47:39
91599000|0.1915|1|2024-04-26 15:47:39
91600000|0.0564|1|2024-04-26 15:47:39
91611000|0.002|1|2024-04-26 15:47:39
91544000|0.0152|1|2024-04-26 15:47:45
91598000|0.0249|1|2024-04-26 15:47:45
91599000|0.0775|1|2024-04-26 15:47:45
91611000|0.002|1|2024-04-26 15:47:45
91613000|0.0583|1|2024-04-26 15:47:45
91597000|0.002|1|2024-04-26 15:47:50
91599000|0.0775|1|2024-04-26 15:47:50
91611000|0.002|1|2024-04-26 15:47:50
91613000|0.0002|1|2024-04-26 15:47:50
91616000|0.1001|1|2024-04-26 15:47:50
91599000|0.0685|1|2024-04-26 15:47:55
91611000|0.002|1|2024-04-26 15:47:55
91613000|0.0002|1|2024-04-26 15:47:55
91614000|0.0501|1|2024-04-26 15:47:55
91615000|0.0576|1|2024-04-26 15:47:55
91599000|0.0685|1|2024-04-26 15:48:00
91611000|0.002|1|2024-04-26 15:48:00
91613000|0.0578|1|2024-04-26 15:48:00
91614000|0.0501|1|2024-04-26 15:48:00
91616000|0.0002|1|2024-04-26 15:48:00
91593000|0.0021|1|2024-04-26 15:48:05
91599000|0.0685|1|2024-04-26 15:48:05
91611000|0.002|1|2024-04-26 15:48:05
91613000|0.0002|1|2024-04-26 15:48:05
91616000|0.0002|1|2024-04-26 15:48:05
91599000|0.0685|1|2024-04-26 15:48:10
91611000|0.002|1|2024-04-26 15:48:10
91613000|0.0002|1|2024-04-26 15:48:10
91616000|0.0002|1|2024-04-26 15:48:10
91618000|0.0629|1|2024-04-26 15:48:10
91599000|0.0685|1|2024-04-26 15:48:15
91611000|0.002|1|2024-04-26 15:48:15
91613000|0.0002|1|2024-04-26 15:48:15
91616000|0.0002|1|2024-04-26 15:48:15
91621000|0.0629|1|2024-04-26 15:48:15
91599000|0.0685|1|2024-04-26 15:48:20
91611000|0.002|1|2024-04-26 15:48:20
91613000|0.0002|1|2024-04-26 15:48:20
91616000|0.0002|1|2024-04-26 15:48:20
91621000|0.0629|1|2024-04-26 15:48:20
91599000|0.0685|1|2024-04-26 15:48:26
91611000|0.002|1|2024-04-26 15:48:26
91613000|0.0002|1|2024-04-26 15:48:26
91616000|0.0002|1|2024-04-26 15:48:26
91621000|0.0629|1|2024-04-26 15:48:26
91599000|0.0684|1|2024-04-26 15:48:31
91611000|0.002|1|2024-04-26 15:48:31
91613000|0.0002|1|2024-04-26 15:48:31
91616000|0.0002|1|2024-04-26 15:48:31
91621000|0.0629|1|2024-04-26 15:48:31
91611000|0.002|1|2024-04-26 15:48:36
91613000|0.0002|1|2024-04-26 15:48:36
91616000|0.0002|1|2024-04-26 15:48:36
91621000|0.0629|1|2024-04-26 15:48:36
91624000|0.0002|1|2024-04-26 15:48:36
91611000|0.002|1|2024-04-26 15:48:41
91613000|0.0002|1|2024-04-26 15:48:41
91616000|0.0002|1|2024-04-26 15:48:41
91621000|0.0629|1|2024-04-26 15:48:41
91624000|0.0002|1|2024-04-26 15:48:41
91613000|0.0002|1|2024-04-26 15:48:46
91616000|0.0002|1|2024-04-26 15:48:46
91624000|0.0002|1|2024-04-26 15:48:46
91631000|0.0062|1|2024-04-26 15:48:46
91657000|0.002|1|2024-04-26 15:48:46
91613000|0.0002|1|2024-04-26 15:48:51
91616000|0.0002|1|2024-04-26 15:48:51
91624000|0.0002|1|2024-04-26 15:48:51
91657000|0.002|1|2024-04-26 15:48:51
91659000|0.0008|1|2024-04-26 15:48:51
91624000|0.0002|1|2024-04-26 15:48:56
91644000|0.0062|1|2024-04-26 15:48:56
91657000|0.002|1|2024-04-26 15:48:56
91659000|0.0008|1|2024-04-26 15:48:56
91667000|0.001|1|2024-04-26 15:48:56
91624000|0.0001|1|2024-04-26 15:49:01
91657000|0.002|1|2024-04-26 15:49:01
91659000|0.0008|1|2024-04-26 15:49:01
91667000|0.001|1|2024-04-26 15:49:01
91678000|0.0002|1|2024-04-26 15:49:01
91657000|0.002|1|2024-04-26 15:49:07
91659000|0.0008|1|2024-04-26 15:49:07
91667000|0.001|1|2024-04-26 15:49:07
91678000|0.0002|1|2024-04-26 15:49:07
91694000|0.1255|1|2024-04-26 15:49:07
91656000|0.0062|1|2024-04-26 15:49:12
91657000|0.002|1|2024-04-26 15:49:12
91659000|0.0008|1|2024-04-26 15:49:12
91667000|0.001|1|2024-04-26 15:49:12
91675000|0.1255|1|2024-04-26 15:49:12
91656000|0.0062|1|2024-04-26 15:49:17
91657000|0.002|1|2024-04-26 15:49:17
91659000|0.0008|1|2024-04-26 15:49:17
91667000|0.001|1|2024-04-26 15:49:17
91676000|0.0002|1|2024-04-26 15:49:17
91656000|0.0062|1|2024-04-26 15:49:22
91657000|0.002|1|2024-04-26 15:49:22
91659000|0.0008|1|2024-04-26 15:49:22
91667000|0.001|1|2024-04-26 15:49:22
91676000|0.3302|1|2024-04-26 15:49:22
91656000|0.0062|1|2024-04-26 15:49:27
91657000|0.002|1|2024-04-26 15:49:27
91659000|0.0008|1|2024-04-26 15:49:27
91667000|0.001|1|2024-04-26 15:49:27
91676000|0.3302|1|2024-04-26 15:49:27
91655000|0.0001|1|2024-04-26 15:49:32
91656000|0.0062|1|2024-04-26 15:49:32
91657000|0.002|1|2024-04-26 15:49:32
91659000|0.3308|1|2024-04-26 15:49:32
91667000|0.001|1|2024-04-26 15:49:32
91655000|0.0001|1|2024-04-26 15:49:37
91656000|0.0062|1|2024-04-26 15:49:37
91657000|0.002|1|2024-04-26 15:49:37
91659000|0.0008|1|2024-04-26 15:49:37
91667000|0.001|1|2024-04-26 15:49:37
91656000|0.0063|1|2024-04-26 15:49:42
91657000|0.002|1|2024-04-26 15:49:42
91659000|0.0008|1|2024-04-26 15:49:42
91667000|0.001|1|2024-04-26 15:49:42
91674000|0.33|1|2024-04-26 15:49:42
91656000|0.0063|1|2024-04-26 15:49:48
91657000|0.002|1|2024-04-26 15:49:48
91659000|0.0008|1|2024-04-26 15:49:48
91667000|0.001|1|2024-04-26 15:49:48
91674000|0.33|1|2024-04-26 15:49:48
91654000|0.33|1|2024-04-26 15:49:53
91656000|0.0068|1|2024-04-26 15:49:53
91657000|0.002|1|2024-04-26 15:49:53
91659000|0.0008|1|2024-04-26 15:49:53
91667000|0.001|1|2024-04-26 15:49:53
91648000|0.33|1|2024-04-26 15:49:58
91654000|0.0001|1|2024-04-26 15:49:58
91655000|0.1577|1|2024-04-26 15:49:58
91656000|0.0068|1|2024-04-26 15:49:58
91657000|0.002|1|2024-04-26 15:49:58
91648000|0.309|1|2024-04-26 15:50:03
91655000|0.1577|1|2024-04-26 15:50:03
91656000|0.0062|1|2024-04-26 15:50:03
91657000|0.002|1|2024-04-26 15:50:03
91659000|0.0008|1|2024-04-26 15:50:03
91648000|0.0001|1|2024-04-26 15:50:08
91655000|0.1577|1|2024-04-26 15:50:08
91656000|0.0062|1|2024-04-26 15:50:08
91657000|0.002|1|2024-04-26 15:50:08
91659000|0.0008|1|2024-04-26 15:50:08
91648000|0.0001|1|2024-04-26 15:50:13
91655000|0.1577|1|2024-04-26 15:50:13
91656000|0.0062|1|2024-04-26 15:50:13
91657000|0.002|1|2024-04-26 15:50:13
91659000|0.0008|1|2024-04-26 15:50:13
91648000|0.0001|1|2024-04-26 15:50:18
91655000|0.0486|1|2024-04-26 15:50:18
91656000|0.0062|1|2024-04-26 15:50:18
91657000|0.002|1|2024-04-26 15:50:18
91659000|0.0008|1|2024-04-26 15:50:18
91648000|0.0005|1|2024-04-26 15:50:23
91655000|0.0486|1|2024-04-26 15:50:23
91657000|0.002|1|2024-04-26 15:50:23
91659000|0.0008|1|2024-04-26 15:50:23
91667000|0.001|1|2024-04-26 15:50:23
91647000|0.0221|1|2024-04-26 15:50:29
91648000|0.0005|1|2024-04-26 15:50:29
91655000|0.0486|1|2024-04-26 15:50:29
91657000|0.002|1|2024-04-26 15:50:29
91659000|0.0008|1|2024-04-26 15:50:29
91627000|0.0093|1|2024-04-26 15:50:34
91628000|0.3302|1|2024-04-26 15:50:34
91648000|0.0005|1|2024-04-26 15:50:34
91655000|0.0486|1|2024-04-26 15:50:34
91656000|0.058|1|2024-04-26 15:50:34
91622000|0.019|1|2024-04-26 15:50:39
91623000|0.012|1|2024-04-26 15:50:39
91627000|0.0093|1|2024-04-26 15:50:39
91628000|0.0002|1|2024-04-26 15:50:39
91640000|0.1253|1|2024-04-26 15:50:39
91622000|0.0001|1|2024-04-26 15:50:44
91623000|0.012|1|2024-04-26 15:50:44
91624000|0.33|1|2024-04-26 15:50:44
91627000|0.0093|1|2024-04-26 15:50:44
91628000|0.0002|1|2024-04-26 15:50:44
91603000|0.0001|1|2024-04-26 15:50:49
91604000|0.063|1|2024-04-26 15:50:49
91605000|0.33|1|2024-04-26 15:50:49
91623000|0.012|1|2024-04-26 15:50:49
91628000|0.0002|1|2024-04-26 15:50:49
91603000|0.0001|1|2024-04-26 15:50:54
91604000|0.063|1|2024-04-26 15:50:54
91622000|0.33|1|2024-04-26 15:50:54
91623000|0.012|1|2024-04-26 15:50:54
91628000|0.0002|1|2024-04-26 15:50:54
91603000|0.0001|1|2024-04-26 15:50:59
91604000|0.063|1|2024-04-26 15:50:59
91622000|0.33|1|2024-04-26 15:50:59
91623000|0.012|1|2024-04-26 15:50:59
91628000|0.0002|1|2024-04-26 15:50:59
91603000|0.0001|1|2024-04-26 15:51:04
91604000|0.063|1|2024-04-26 15:51:04
91621000|0.1235|1|2024-04-26 15:51:04
91622000|0.33|1|2024-04-26 15:51:04
91623000|0.012|1|2024-04-26 15:51:04
91577000|0.0632|1|2024-04-26 15:51:09
91578000|0.3302|1|2024-04-26 15:51:09
91583000|0.0653|1|2024-04-26 15:51:09
91597000|0.0008|1|2024-04-26 15:51:09
91598000|0.062|1|2024-04-26 15:51:09
91577000|0.0613|1|2024-04-26 15:51:15
91578000|0.3302|1|2024-04-26 15:51:15
91598000|0.062|1|2024-04-26 15:51:15
91612000|0.058|1|2024-04-26 15:51:15
91619000|0.0465|1|2024-04-26 15:51:15
91620000|0.0629|1|2024-04-26 15:51:20
91621000|0.0002|1|2024-04-26 15:51:20
91623000|0.012|1|2024-04-26 15:51:20
91626000|0.33|1|2024-04-26 15:51:20
91628000|0.0002|1|2024-04-26 15:51:20
91575000|0.0142|1|2024-04-26 15:51:25
91577000|0.0328|1|2024-04-26 15:51:25
91593000|0.0015|1|2024-04-26 15:51:25
91603000|0.33|1|2024-04-26 15:51:25
91621000|0.0002|1|2024-04-26 15:51:25
91604000|0.012|1|2024-04-26 15:51:30
91605000|0.0015|1|2024-04-26 15:51:30
91621000|0.0002|1|2024-04-26 15:51:30
91623000|0.012|1|2024-04-26 15:51:30
91628000|0.0002|1|2024-04-26 15:51:30
91602000|0.33|1|2024-04-26 15:51:35
91604000|0.012|1|2024-04-26 15:51:35
91608000|0.0015|1|2024-04-26 15:51:35
91621000|0.0002|1|2024-04-26 15:51:35
91623000|0.012|1|2024-04-26 15:51:35
91602000|0.33|1|2024-04-26 15:51:40
91604000|0.012|1|2024-04-26 15:51:40
91621000|0.0002|1|2024-04-26 15:51:40
91623000|0.012|1|2024-04-26 15:51:40
91626000|0.0872|1|2024-04-26 15:51:40
91602000|0.3302|1|2024-04-26 15:51:45
91604000|0.012|1|2024-04-26 15:51:45
91618000|0.011|1|2024-04-26 15:51:45
91621000|0.0002|1|2024-04-26 15:51:45
91623000|0.012|1|2024-04-26 15:51:45
91602000|0.3297|1|2024-04-26 15:51:50
91604000|0.0437|1|2024-04-26 15:51:50
91621000|0.0002|1|2024-04-26 15:51:50
91623000|0.012|1|2024-04-26 15:51:50
91626000|0.0872|1|2024-04-26 15:51:50
91602000|0.0002|1|2024-04-26 15:51:56
91604000|0.0437|1|2024-04-26 15:51:56
91608000|0.33|1|2024-04-26 15:51:56
91621000|0.0002|1|2024-04-26 15:51:56
91623000|0.012|1|2024-04-26 15:51:56
91604000|0.012|1|2024-04-26 15:52:01
91608000|0.33|1|2024-04-26 15:52:01
91610000|0.0317|1|2024-04-26 15:52:01
91621000|0.0002|1|2024-04-26 15:52:01
91623000|0.012|1|2024-04-26 15:52:01
91594000|0.0336|1|2024-04-26 15:52:06
91597000|0.0359|1|2024-04-26 15:52:06
91604000|0.012|1|2024-04-26 15:52:06
91607000|0.1187|1|2024-04-26 15:52:06
91608000|0.0002|1|2024-04-26 15:52:06
91594000|0.0319|1|2024-04-26 15:52:11
91597000|0.0358|1|2024-04-26 15:52:11
91604000|0.012|1|2024-04-26 15:52:11
91608000|0.0002|1|2024-04-26 15:52:11
91621000|0.0002|1|2024-04-26 15:52:11
91594000|0.0319|1|2024-04-26 15:52:16
91597000|0.0358|1|2024-04-26 15:52:16
91604000|0.012|1|2024-04-26 15:52:16
91608000|0.0002|1|2024-04-26 15:52:16
91621000|0.0002|1|2024-04-26 15:52:16
91594000|0.0319|1|2024-04-26 15:52:21
91597000|0.0358|1|2024-04-26 15:52:21
91604000|0.012|1|2024-04-26 15:52:21
91608000|0.0002|1|2024-04-26 15:52:21
91621000|0.0002|1|2024-04-26 15:52:21
91594000|0.0319|1|2024-04-26 15:52:26
91597000|0.0358|1|2024-04-26 15:52:26
91604000|0.012|1|2024-04-26 15:52:26
91608000|0.0002|1|2024-04-26 15:52:26
91621000|0.0002|1|2024-04-26 15:52:26
91594000|0.0318|1|2024-04-26 15:52:31
91597000|0.0358|1|2024-04-26 15:52:31
91604000|0.012|1|2024-04-26 15:52:31
91608000|0.0002|1|2024-04-26 15:52:31
91621000|0.0002|1|2024-04-26 15:52:31
91561000|0.0318|1|2024-04-26 15:52:37
91563000|0.0358|1|2024-04-26 15:52:37
91569000|0.0135|1|2024-04-26 15:52:37
91570000|0.0001|1|2024-04-26 15:52:37
91598000|0.0559|1|2024-04-26 15:52:37
91556000|0.0047|1|2024-04-26 15:52:42
91561000|0.0318|1|2024-04-26 15:52:42
91563000|0.0358|1|2024-04-26 15:52:42
91569000|0.0135|1|2024-04-26 15:52:42
91572000|0.0096|1|2024-04-26 15:52:42
91556000|0.0047|1|2024-04-26 15:52:47
91561000|0.0318|1|2024-04-26 15:52:47
91563000|0.0358|1|2024-04-26 15:52:47
91569000|0.0135|1|2024-04-26 15:52:47
91572000|0.0096|1|2024-04-26 15:52:47
91556000|0.0047|1|2024-04-26 15:52:52
91569000|0.0135|1|2024-04-26 15:52:52
91571000|0.0318|1|2024-04-26 15:52:52
91572000|0.0358|1|2024-04-26 15:52:52
91581000|0.0096|1|2024-04-26 15:52:52
91556000|0.0043|1|2024-04-26 15:52:57
91569000|0.0135|1|2024-04-26 15:52:57
91571000|0.0318|1|2024-04-26 15:52:57
91572000|0.0358|1|2024-04-26 15:52:57
91580000|0.0464|1|2024-04-26 15:52:57
91556000|0.0043|1|2024-04-26 15:53:02
91560000|0.0318|1|2024-04-26 15:53:02
91569000|0.0135|1|2024-04-26 15:53:02
91570000|0.0096|1|2024-04-26 15:53:02
91598000|0.0002|1|2024-04-26 15:53:02
91538000|0.0159|1|2024-04-26 15:53:07
91547000|0.0096|1|2024-04-26 15:53:07
91579000|0.0465|1|2024-04-26 15:53:07
91580000|0.0465|1|2024-04-26 15:53:07
91590000|0.0644|1|2024-04-26 15:53:07
91535000|0.0097|1|2024-04-26 15:53:12
91537000|0.0465|1|2024-04-26 15:53:12
91569000|0.0636|1|2024-04-26 15:53:12
91579000|0.0586|1|2024-04-26 15:53:12
91580000|0.0465|1|2024-04-26 15:53:12
91517000|0.3301|1|2024-04-26 15:53:17
91526000|0.063|1|2024-04-26 15:53:17
91549000|0.0598|1|2024-04-26 15:53:17
91552000|0.33|1|2024-04-26 15:53:17
91569000|0.0636|1|2024-04-26 15:53:17
91514000|0.0043|1|2024-04-26 15:53:23
91517000|0.33|1|2024-04-26 15:53:23
91526000|0.063|1|2024-04-26 15:53:23
91530000|0.0096|1|2024-04-26 15:53:23
91536000|0.0558|1|2024-04-26 15:53:23
91514000|0.0036|1|2024-04-26 15:53:28
91519000|0.33|1|2024-04-26 15:53:28
91526000|0.063|1|2024-04-26 15:53:28
91530000|0.0096|1|2024-04-26 15:53:28
91549000|0.0569|1|2024-04-26 15:53:28
91514000|0.0014|1|2024-04-26 15:53:33
91519000|0.33|1|2024-04-26 15:53:33
91526000|0.063|1|2024-04-26 15:53:33
91530000|0.0096|1|2024-04-26 15:53:33
91549000|0.0569|1|2024-04-26 15:53:33
91519000|0.3304|1|2024-04-26 15:53:38
91526000|0.063|1|2024-04-26 15:53:38
91530000|0.0096|1|2024-04-26 15:53:38
91539000|0.0612|1|2024-04-26 15:53:38
91549000|0.0569|1|2024-04-26 15:53:38
91519000|0.0004|1|2024-04-26 15:53:43
91538000|0.33|1|2024-04-26 15:53:43
91542000|0.0096|1|2024-04-26 15:53:43
91559000|0.0625|1|2024-04-26 15:53:43
91569000|0.0636|1|2024-04-26 15:53:43
91519000|0.0004|1|2024-04-26 15:53:48
91531000|0.0209|1|2024-04-26 15:53:48
91538000|0.33|1|2024-04-26 15:53:48
91542000|0.0096|1|2024-04-26 15:53:48
91559000|0.0625|1|2024-04-26 15:53:48
91519000|0.0004|1|2024-04-26 15:53:53
91551000|0.33|1|2024-04-26 15:53:53
91557000|0.0096|1|2024-04-26 15:53:53
91575000|0.33|1|2024-04-26 15:53:53
91579000|0.0561|1|2024-04-26 15:53:53
91519000|0.0004|1|2024-04-26 15:53:59
91551000|0.33|1|2024-04-26 15:53:59
91568000|0.0016|1|2024-04-26 15:53:59
91571000|0.0096|1|2024-04-26 15:53:59
91575000|0.33|1|2024-04-26 15:53:59
91519000|0.0004|1|2024-04-26 15:54:04
91547000|0.0346|1|2024-04-26 15:54:04
91551000|0.33|1|2024-04-26 15:54:04
91568000|0.0022|1|2024-04-26 15:54:04
91571000|0.0637|1|2024-04-26 15:54:04
91519000|0.0004|1|2024-04-26 15:54:09
91524000|0.0063|1|2024-04-26 15:54:09
91536000|0.0279|1|2024-04-26 15:54:09
91539000|0.0096|1|2024-04-26 15:54:09
91571000|0.0637|1|2024-04-26 15:54:09
91519000|0.0004|1|2024-04-26 15:54:14
91542000|0.33|1|2024-04-26 15:54:14
91550000|0.0279|1|2024-04-26 15:54:14
91552000|0.0096|1|2024-04-26 15:54:14
91572000|0.0588|1|2024-04-26 15:54:14
91554000|0.33|1|2024-04-26 15:54:19
91559000|0.0279|1|2024-04-26 15:54:19
91562000|0.0096|1|2024-04-26 15:54:19
91575000|0.33|1|2024-04-26 15:54:19
91579000|0.0002|1|2024-04-26 15:54:19
91553000|0.0094|1|2024-04-26 15:54:24
91554000|0.33|1|2024-04-26 15:54:24
91559000|0.0279|1|2024-04-26 15:54:24
91562000|0.0096|1|2024-04-26 15:54:24
91575000|0.33|1|2024-04-26 15:54:24
91519000|0.0079|1|2024-04-26 15:54:29
91553000|0.0878|1|2024-04-26 15:54:29
91554000|0.33|1|2024-04-26 15:54:29
91555000|0.0096|1|2024-04-26 15:54:29
91570000|0.0057|1|2024-04-26 15:54:29
91553000|0.0599|1|2024-04-26 15:54:34
91573000|0.33|1|2024-04-26 15:54:34
91579000|0.0002|1|2024-04-26 15:54:34
91588000|0.0279|1|2024-04-26 15:54:34
91591000|0.0096|1|2024-04-26 15:54:34
91553000|0.0599|1|2024-04-26 15:54:40
91579000|0.0002|1|2024-04-26 15:54:40
91586000|0.33|1|2024-04-26 15:54:40
91588000|0.0279|1|2024-04-26 15:54:40
91589000|0.0218|1|2024-04-26 15:54:40
91553000|0.0599|1|2024-04-26 15:54:45
91579000|0.0002|1|2024-04-26 15:54:45
91586000|0.33|1|2024-04-26 15:54:45
91596000|0.0279|1|2024-04-26 15:54:45
91597000|0.0218|1|2024-04-26 15:54:45
91553000|0.0599|1|2024-04-26 15:54:50
91579000|0.0002|1|2024-04-26 15:54:50
91596000|0.0279|1|2024-04-26 15:54:50
91597000|0.0218|1|2024-04-26 15:54:50
91598000|0.0002|1|2024-04-26 15:54:50
91553000|0.0335|1|2024-04-26 15:54:55
91579000|0.0002|1|2024-04-26 15:54:55
91596000|0.0279|1|2024-04-26 15:54:55
91597000|0.0218|1|2024-04-26 15:54:55
91598000|0.002|1|2024-04-26 15:54:55
91596000|0.0081|1|2024-04-26 15:55:00
91597000|0.028|1|2024-04-26 15:55:00
91598000|0.0119|1|2024-04-26 15:55:00
91599000|0.0003|1|2024-04-26 15:55:00
91600000|0.0096|1|2024-04-26 15:55:00
91598000|0.0002|1|2024-04-26 15:55:05
91602000|0.33|1|2024-04-26 15:55:05
91604000|0.0327|1|2024-04-26 15:55:05
91605000|0.0416|1|2024-04-26 15:55:05
91606000|0.0005|1|2024-04-26 15:55:05
91598000|0.0002|1|2024-04-26 15:55:10
91602000|0.33|1|2024-04-26 15:55:10
91604000|0.0327|1|2024-04-26 15:55:10
91608000|0.0418|1|2024-04-26 15:55:10
91609000|0.0005|1|2024-04-26 15:55:10
91598000|0.0002|1|2024-04-26 15:55:15
91602000|0.33|1|2024-04-26 15:55:15
91604000|0.0327|1|2024-04-26 15:55:15
91608000|0.0002|1|2024-04-26 15:55:15
91619000|0.0416|1|2024-04-26 15:55:15
91602000|0.3105|1|2024-04-26 15:55:21
91604000|0.0327|1|2024-04-26 15:55:21
91608000|0.0002|1|2024-04-26 15:55:21
91611000|0.0416|1|2024-04-26 15:55:21
91613000|0.0044|1|2024-04-26 15:55:21
91600000|0.0001|1|2024-04-26 15:55:26
91602000|0.2619|1|2024-04-26 15:55:26
91604000|0.0327|1|2024-04-26 15:55:26
91605000|0.0044|1|2024-04-26 15:55:26
91606000|0.0037|1|2024-04-26 15:55:26
91600000|0.0001|1|2024-04-26 15:55:31
91602000|0.2619|1|2024-04-26 15:55:31
91604000|0.0327|1|2024-04-26 15:55:31
91608000|0.0002|1|2024-04-26 15:55:31
91616000|0.0629|1|2024-04-26 15:55:31
91577000|0.3223|1|2024-04-26 15:55:36
91591000|0.0042|1|2024-04-26 15:55:36
91592000|0.0196|1|2024-04-26 15:55:36
91602000|0.0002|1|2024-04-26 15:55:36
91604000|0.0385|1|2024-04-26 15:55:36
91577000|0.3225|1|2024-04-26 15:55:41
91583000|0.0043|1|2024-04-26 15:55:41
91584000|0.0133|1|2024-04-26 15:55:41
91592000|0.0063|1|2024-04-26 15:55:41
91596000|0.0058|1|2024-04-26 15:55:41
91577000|0.3225|1|2024-04-26 15:55:46
91583000|0.0043|1|2024-04-26 15:55:46
91584000|0.0133|1|2024-04-26 15:55:46
91592000|0.0063|1|2024-04-26 15:55:46
91596000|0.0058|1|2024-04-26 15:55:46
91577000|0.0003|1|2024-04-26 15:55:51
91592000|0.3363|1|2024-04-26 15:55:51
91593000|0.0043|1|2024-04-26 15:55:51
91594000|0.0133|1|2024-04-26 15:55:51
91600000|0.0872|1|2024-04-26 15:55:51
91592000|0.3359|1|2024-04-26 15:55:56
91593000|0.0043|1|2024-04-26 15:55:56
91594000|0.0133|1|2024-04-26 15:55:56
91600000|0.0872|1|2024-04-26 15:55:56
91602000|0.0002|1|2024-04-26 15:55:56
91592000|0.3359|1|2024-04-26 15:56:02
91593000|0.0043|1|2024-04-26 15:56:02
91594000|0.0133|1|2024-04-26 15:56:02
91600000|0.0872|1|2024-04-26 15:56:02
91602000|0.0002|1|2024-04-26 15:56:02
91589000|0.0096|1|2024-04-26 15:56:07
91592000|0.3359|1|2024-04-26 15:56:07
91593000|0.0043|1|2024-04-26 15:56:07
91594000|0.0037|1|2024-04-26 15:56:07
91600000|0.0872|1|2024-04-26 15:56:07
91575000|0.33|1|2024-04-26 15:56:12
91592000|0.0059|1|2024-04-26 15:56:12
91600000|0.0872|1|2024-04-26 15:56:12
91602000|0.0002|1|2024-04-26 15:56:12
91604000|0.0327|1|2024-04-26 15:56:12
91574000|0.0096|1|2024-04-26 15:56:17
91575000|0.3295|1|2024-04-26 15:56:17
91577000|0.0043|1|2024-04-26 15:56:17
91578000|0.0037|1|2024-04-26 15:56:17
91591000|0.0058|1|2024-04-26 15:56:17
91573000|0.0102|1|2024-04-26 15:56:22
91574000|0.0096|1|2024-04-26 15:56:22
91575000|0.3293|1|2024-04-26 15:56:22
91577000|0.0043|1|2024-04-26 15:56:22
91578000|0.0037|1|2024-04-26 15:56:22
91573000|0.0102|1|2024-04-26 15:56:27
91574000|0.0096|1|2024-04-26 15:56:27
91575000|0.3293|1|2024-04-26 15:56:27
91577000|0.0043|1|2024-04-26 15:56:27
91578000|0.0037|1|2024-04-26 15:56:27
91573000|0.0002|1|2024-04-26 15:56:32
91574000|0.0096|1|2024-04-26 15:56:32
91575000|0.3293|1|2024-04-26 15:56:32
91577000|0.0043|1|2024-04-26 15:56:32
91578000|0.0581|1|2024-04-26 15:56:32
91573000|0.0001|1|2024-04-26 15:56:37
91574000|0.0096|1|2024-04-26 15:56:37
91575000|0.3293|1|2024-04-26 15:56:37
91577000|0.0043|1|2024-04-26 15:56:37
91578000|0.0581|1|2024-04-26 15:56:37
91563000|0.0096|1|2024-04-26 15:56:43
91567000|0.0043|1|2024-04-26 15:56:43
91568000|0.0037|1|2024-04-26 15:56:43
91575000|0.3293|1|2024-04-26 15:56:43
91578000|0.0544|1|2024-04-26 15:56:43
91563000|0.0089|1|2024-04-26 15:56:48
91567000|0.0043|1|2024-04-26 15:56:48
91568000|0.0037|1|2024-04-26 15:56:48
91578000|0.0544|1|2024-04-26 15:56:48
91580000|0.0058|1|2024-04-26 15:56:48
91552000|0.0312|1|2024-04-26 15:56:53
91553000|0.0091|1|2024-04-26 15:56:53
91557000|0.3345|1|2024-04-26 15:56:53
91558000|0.0037|1|2024-04-26 15:56:53
91570000|0.0058|1|2024-04-26 15:56:53
91552000|0.0002|1|2024-04-26 15:56:58
91553000|0.0089|1|2024-04-26 15:56:58
91557000|0.3345|1|2024-04-26 15:56:58
91558000|0.0037|1|2024-04-26 15:56:58
91570000|0.0058|1|2024-04-26 15:56:58
91552000|0.0002|1|2024-04-26 15:57:03
91553000|0.0394|1|2024-04-26 15:57:03
91557000|0.3345|1|2024-04-26 15:57:03
91558000|0.0037|1|2024-04-26 15:57:03
91570000|0.0058|1|2024-04-26 15:57:03
91557000|0.0004|1|2024-04-26 15:57:08
91560000|0.0089|1|2024-04-26 15:57:08
91566000|0.0043|1|2024-04-26 15:57:08
91568000|0.0037|1|2024-04-26 15:57:08
91585000|0.0058|1|2024-04-26 15:57:08
91557000|0.0004|1|2024-04-26 15:57:13
91559000|0.0089|1|2024-04-26 15:57:13
91560000|0.0089|1|2024-04-26 15:57:13
91566000|0.0043|1|2024-04-26 15:57:13
91568000|0.0037|1|2024-04-26 15:57:13
91557000|0.0004|1|2024-04-26 15:57:18
91559000|0.0089|1|2024-04-26 15:57:18
91569000|0.33|1|2024-04-26 15:57:18
91580000|0.0089|1|2024-04-26 15:57:18
91586000|0.0043|1|2024-04-26 15:57:18
91559000|0.0089|1|2024-04-26 15:57:24
91563000|0.3389|1|2024-04-26 15:57:24
91570000|0.0043|1|2024-04-26 15:57:24
91571000|0.0037|1|2024-04-26 15:57:24
91588000|0.0058|1|2024-04-26 15:57:24
91562000|0.0063|1|2024-04-26 15:57:29
91563000|0.3314|1|2024-04-26 15:57:29
91570000|0.0043|1|2024-04-26 15:57:29
91571000|0.0037|1|2024-04-26 15:57:29
91588000|0.0058|1|2024-04-26 15:57:29
91562000|0.0063|1|2024-04-26 15:57:34
91563000|0.3316|1|2024-04-26 15:57:34
91570000|0.0043|1|2024-04-26 15:57:34
91571000|0.0037|1|2024-04-26 15:57:34
91588000|0.0058|1|2024-04-26 15:57:34
91562000|0.0063|1|2024-04-26 15:57:39
91563000|0.3316|1|2024-04-26 15:57:39
91570000|0.0043|1|2024-04-26 15:57:39
91571000|0.0037|1|2024-04-26 15:57:39
91588000|0.0058|1|2024-04-26 15:57:39
91539000|0.3298|1|2024-04-26 15:57:44
91546000|0.0043|1|2024-04-26 15:57:44
91563000|0.0002|1|2024-04-26 15:57:44
91564000|0.057|1|2024-04-26 15:57:44
91565000|0.0058|1|2024-04-26 15:57:44
91537000|0.0043|1|2024-04-26 15:57:49
91538000|0.0222|1|2024-04-26 15:57:49
91539000|0.3296|1|2024-04-26 15:57:49
91556000|0.0058|1|2024-04-26 15:57:49
91563000|0.0002|1|2024-04-26 15:57:49
91527000|0.0013|1|2024-04-26 15:57:54
91528000|0.0037|1|2024-04-26 15:57:54
91538000|0.0185|1|2024-04-26 15:57:54
91545000|0.0058|1|2024-04-26 15:57:54
91556000|0.1088|1|2024-04-26 15:57:54
91538000|0.0125|1|2024-04-26 15:57:59
91542000|0.0058|1|2024-04-26 15:57:59
91556000|0.1088|1|2024-04-26 15:57:59
91557000|0.33|1|2024-04-26 15:57:59
91563000|0.0002|1|2024-04-26 15:57:59
91538000|0.0125|1|2024-04-26 15:58:04
91556000|0.1088|1|2024-04-26 15:58:04
91557000|0.33|1|2024-04-26 15:58:04
91563000|0.0002|1|2024-04-26 15:58:04
91564000|0.057|1|2024-04-26 15:58:04
91538000|0.0125|1|2024-04-26 15:58:10
91547000|0.0058|1|2024-04-26 15:58:10
91556000|0.1088|1|2024-04-26 15:58:10
91557000|0.33|1|2024-04-26 15:58:10
91563000|0.0002|1|2024-04-26 15:58:10
91538000|0.1167|1|2024-04-26 15:58:15
91539000|0.33|1|2024-04-26 15:58:15
91547000|0.0058|1|2024-04-26 15:58:15
91563000|0.0002|1|2024-04-26 15:58:15
91564000|0.057|1|2024-04-26 15:58:15
91503000|0.0273|1|2024-04-26 15:58:20
91538000|0.1167|1|2024-04-26 15:58:20
91558000|0.33|1|2024-04-26 15:58:20
91563000|0.0002|1|2024-04-26 15:58:20
91573000|0.1088|1|2024-04-26 15:58:20
91503000|0.005|1|2024-04-26 15:58:25
91538000|0.1167|1|2024-04-26 15:58:25
91557000|0.1087|1|2024-04-26 15:58:25
91558000|0.33|1|2024-04-26 15:58:25
91563000|0.0002|1|2024-04-26 15:58:25
91503000|0.0049|1|2024-04-26 15:58:30
91538000|0.1167|1|2024-04-26 15:58:30
91557000|0.1087|1|2024-04-26 15:58:30
91558000|0.33|1|2024-04-26 15:58:30
91563000|0.0002|1|2024-04-26 15:58:30
91503000|0.0049|1|2024-04-26 15:58:35
91538000|0.1167|1|2024-04-26 15:58:35
91557000|0.1087|1|2024-04-26 15:58:35
91558000|0.33|1|2024-04-26 15:58:35
91563000|0.0002|1|2024-04-26 15:58:35
91503000|0.0038|1|2024-04-26 15:58:40
91538000|0.1074|1|2024-04-26 15:58:40
91557000|0.1087|1|2024-04-26 15:58:40
91558000|0.33|1|2024-04-26 15:58:40
91563000|0.0002|1|2024-04-26 15:58:40
91503000|0.0027|1|2024-04-26 15:58:45
91537000|0.0465|1|2024-04-26 15:58:45
91538000|0.1074|1|2024-04-26 15:58:45
91557000|0.1087|1|2024-04-26 15:58:45
91563000|0.0002|1|2024-04-26 15:58:45
91538000|0.1074|1|2024-04-26 15:58:51
91541000|0.063|1|2024-04-26 15:58:51
91550000|0.004|1|2024-04-26 15:58:51
91556000|0.0191|1|2024-04-26 15:58:51
91558000|0.0001|1|2024-04-26 15:58:51
91538000|0.1074|1|2024-04-26 15:58:56
91541000|0.063|1|2024-04-26 15:58:56
91545000|0.33|1|2024-04-26 15:58:56
91550000|0.004|1|2024-04-26 15:58:56
91556000|0.0191|1|2024-04-26 15:58:56
91503000|0.0|1|2024-04-26 15:59:01
91538000|0.1074|1|2024-04-26 15:59:01
91541000|0.063|1|2024-04-26 15:59:01
91545000|0.33|1|2024-04-26 15:59:01
91550000|0.004|1|2024-04-26 15:59:01
91538000|0.1074|1|2024-04-26 15:59:06
91541000|0.063|1|2024-04-26 15:59:06
91545000|0.334|1|2024-04-26 15:59:06
91548000|0.0294|1|2024-04-26 15:59:06
91553000|0.0001|1|2024-04-26 15:59:06
91538000|0.1074|1|2024-04-26 15:59:11
91563000|0.0002|1|2024-04-26 15:59:11
91564000|0.0094|1|2024-04-26 15:59:11
91572000|0.004|1|2024-04-26 15:59:11
91575000|0.0294|1|2024-04-26 15:59:11
91538000|0.1074|1|2024-04-26 15:59:17
91541000|0.059|1|2024-04-26 15:59:17
91547000|0.004|1|2024-04-26 15:59:17
91550000|0.0295|1|2024-04-26 15:59:17
91551000|0.0001|1|2024-04-26 15:59:17
91538000|0.1074|1|2024-04-26 15:59:22
91541000|0.059|1|2024-04-26 15:59:22
91549000|0.1073|1|2024-04-26 15:59:22
91554000|0.0002|1|2024-04-26 15:59:22
91560000|0.0075|1|2024-04-26 15:59:22
91519000|0.0599|1|2024-04-26 15:59:27
91520000|0.004|1|2024-04-26 15:59:27
91523000|0.0295|1|2024-04-26 15:59:27
91524000|0.0001|1|2024-04-26 15:59:27
91528000|0.0027|1|2024-04-26 15:59:27
91519000|0.0579|1|2024-04-26 15:59:32
91520000|0.004|1|2024-04-26 15:59:32
91523000|0.0295|1|2024-04-26 15:59:32
91524000|0.0001|1|2024-04-26 15:59:32
91528000|0.0027|1|2024-04-26 15:59:32
91519000|0.0579|1|2024-04-26 15:59:37
91520000|0.004|1|2024-04-26 15:59:37
91523000|0.0295|1|2024-04-26 15:59:37
91524000|0.0001|1|2024-04-26 15:59:37
91528000|0.0027|1|2024-04-26 15:59:37
91519000|0.0295|1|2024-04-26 15:59:42
91520000|0.004|1|2024-04-26 15:59:42
91523000|0.0295|1|2024-04-26 15:59:42
91524000|0.0001|1|2024-04-26 15:59:42
91528000|0.0027|1|2024-04-26 15:59:42
91519000|0.0293|1|2024-04-26 15:59:47
91520000|0.004|1|2024-04-26 15:59:47
91523000|0.0295|1|2024-04-26 15:59:47
91530000|0.0003|1|2024-04-26 15:59:47
91534000|0.0001|1|2024-04-26 15:59:47
91523000|0.004|1|2024-04-26 15:59:52
91526000|0.0295|1|2024-04-26 15:59:52
91533000|0.0003|1|2024-04-26 15:59:52
91537000|0.0001|1|2024-04-26 15:59:52
91549000|0.0328|1|2024-04-26 15:59:52
91542000|0.029|1|2024-04-26 15:59:57
91550000|0.004|1|2024-04-26 15:59:57
91553000|0.0001|1|2024-04-26 15:59:57
91554000|0.0002|1|2024-04-26 15:59:57
91557000|0.0027|1|2024-04-26 15:59:57
91549000|0.0296|1|2024-04-26 16:00:03
91550000|0.004|1|2024-04-26 16:00:03
91553000|0.0296|1|2024-04-26 16:00:03
91554000|0.0002|1|2024-04-26 16:00:03
91557000|0.0027|1|2024-04-26 16:00:03
91542000|0.004|1|2024-04-26 16:00:08
91543000|0.0295|1|2024-04-26 16:00:08
91544000|0.0001|1|2024-04-26 16:00:08
91549000|0.0296|1|2024-04-26 16:00:08
91550000|0.0027|1|2024-04-26 16:00:08
91524000|0.0335|1|2024-04-26 16:00:13
91525000|0.0335|1|2024-04-26 16:00:13
91526000|0.0001|1|2024-04-26 16:00:13
91532000|0.0027|1|2024-04-26 16:00:13
91534000|0.0003|1|2024-04-26 16:00:13
91502000|0.0159|1|2024-04-26 16:00:18
91503000|0.0001|1|2024-04-26 16:00:18
91509000|0.0027|1|2024-04-26 16:00:18
91511000|0.0003|1|2024-04-26 16:00:18
91515000|0.0001|1|2024-04-26 16:00:18
91501000|0.0159|1|2024-04-26 16:00:23
91509000|0.0075|1|2024-04-26 16:00:23
91511000|0.0001|1|2024-04-26 16:00:23
91521000|0.0001|1|2024-04-26 16:00:23
91524000|0.1366|1|2024-04-26 16:00:23
91538000|0.0003|1|2024-04-26 16:00:28
91547000|0.0001|1|2024-04-26 16:00:28
91551000|0.0328|1|2024-04-26 16:00:28
91554000|0.0002|1|2024-04-26 16:00:28
91563000|0.0002|1|2024-04-26 16:00:28
91519000|0.0001|1|2024-04-26 16:00:33
91529000|0.0001|1|2024-04-26 16:00:33
91532000|0.0328|1|2024-04-26 16:00:33
91538000|0.0002|1|2024-04-26 16:00:33
91554000|0.0002|1|2024-04-26 16:00:33
91518000|0.0328|1|2024-04-26 16:00:39
91519000|0.0001|1|2024-04-26 16:00:39
91529000|0.0001|1|2024-04-26 16:00:39
91532000|0.0328|1|2024-04-26 16:00:39
91538000|0.0002|1|2024-04-26 16:00:39
91518000|0.0325|1|2024-04-26 16:00:44
91526000|0.0001|1|2024-04-26 16:00:44
91536000|0.0001|1|2024-04-26 16:00:44
91538000|0.0002|1|2024-04-26 16:00:44
91539000|0.0328|1|2024-04-26 16:00:44
91518000|0.0325|1|2024-04-26 16:00:49
91521000|0.0075|1|2024-04-26 16:00:49
91523000|0.0001|1|2024-04-26 16:00:49
91533000|0.0001|1|2024-04-26 16:00:49
91536000|0.0328|1|2024-04-26 16:00:49
91518000|0.0314|1|2024-04-26 16:00:54
91523000|0.0001|1|2024-04-26 16:00:54
91533000|0.0001|1|2024-04-26 16:00:54
91535000|0.1037|1|2024-04-26 16:00:54
91536000|0.0328|1|2024-04-26 16:00:54
91518000|0.0314|1|2024-04-26 16:00:59
91523000|0.0001|1|2024-04-26 16:00:59
91533000|0.0001|1|2024-04-26 16:00:59
91536000|0.0328|1|2024-04-26 16:00:59
91538000|0.0002|1|2024-04-26 16:00:59
91537000|0.0075|1|2024-04-26 16:01:04
91538000|0.0002|1|2024-04-26 16:01:04
91554000|0.0002|1|2024-04-26 16:01:04
91556000|0.0075|1|2024-04-26 16:01:04
91563000|0.0002|1|2024-04-26 16:01:04
91536000|0.0009|1|2024-04-26 16:01:09
91537000|0.0075|1|2024-04-26 16:01:09
91538000|0.0002|1|2024-04-26 16:01:09
91554000|0.0002|1|2024-04-26 16:01:09
91561000|0.0001|1|2024-04-26 16:01:09
91536000|0.0009|1|2024-04-26 16:01:14
91538000|0.0002|1|2024-04-26 16:01:14
91550000|0.0075|1|2024-04-26 16:01:14
91554000|0.0002|1|2024-04-26 16:01:14
91561000|0.0001|1|2024-04-26 16:01:14
91554000|0.0002|1|2024-04-26 16:01:20
91563000|0.0002|1|2024-04-26 16:01:20
91575000|0.088|1|2024-04-26 16:01:20
91576000|0.0062|1|2024-04-26 16:01:20
91594000|0.0297|1|2024-04-26 16:01:20
91554000|0.0002|1|2024-04-26 16:01:25
91563000|0.0002|1|2024-04-26 16:01:25
91575000|0.088|1|2024-04-26 16:01:25
91594000|0.0297|1|2024-04-26 16:01:25
91596000|0.0629|1|2024-04-26 16:01:25
91531000|0.0002|1|2024-04-26 16:01:30
91554000|0.0002|1|2024-04-26 16:01:30
91563000|0.0002|1|2024-04-26 16:01:30
91575000|0.088|1|2024-04-26 16:01:30
91589000|0.0001|1|2024-04-26 16:01:30
91574000|0.063|1|2024-04-26 16:01:35
91575000|0.0748|1|2024-04-26 16:01:35
91593000|0.1035|1|2024-04-26 16:01:35
91594000|0.0299|1|2024-04-26 16:01:35
91602000|0.0002|1|2024-04-26 16:01:35
91575000|0.0966|1|2024-04-26 16:01:40
91594000|0.0374|1|2024-04-26 16:01:40
91602000|0.0002|1|2024-04-26 16:01:40
91605000|0.0001|1|2024-04-26 16:01:40
91608000|0.0003|1|2024-04-26 16:01:40
91575000|0.0959|1|2024-04-26 16:01:45
91579000|0.0629|1|2024-04-26 16:01:45
91581000|0.0075|1|2024-04-26 16:01:45
91592000|0.0001|1|2024-04-26 16:01:45
91594000|0.0299|1|2024-04-26 16:01:45
91547000|0.1035|1|2024-04-26 16:01:50
91548000|0.324|1|2024-04-26 16:01:50
91554000|0.0582|1|2024-04-26 16:01:50
91564000|0.0568|1|2024-04-26 16:01:50
91573000|0.0465|1|2024-04-26 16:01:50
91545000|0.1024|1|2024-04-26 16:01:55
91546000|0.0136|1|2024-04-26 16:01:55
91548000|0.3242|1|2024-04-26 16:01:55
91554000|0.0582|1|2024-04-26 16:01:55
91564000|0.0568|1|2024-04-26 16:01:55
91546000|0.0136|1|2024-04-26 16:02:01
91548000|0.0002|1|2024-04-26 16:02:01
91575000|0.0959|1|2024-04-26 16:02:01
91580000|0.0651|1|2024-04-26 16:02:01
91582000|0.324|1|2024-04-26 16:02:01
91546000|0.0136|1|2024-04-26 16:02:06
91548000|0.0002|1|2024-04-26 16:02:06
91575000|0.0959|1|2024-04-26 16:02:06
91580000|0.0651|1|2024-04-26 16:02:06
91594000|0.0299|1|2024-04-26 16:02:06
91546000|0.0136|1|2024-04-26 16:02:11
91548000|0.0002|1|2024-04-26 16:02:11
91575000|0.0959|1|2024-04-26 16:02:11
91593000|0.1024|1|2024-04-26 16:02:11
91594000|0.0299|1|2024-04-26 16:02:11
91546000|0.0136|1|2024-04-26 16:02:16
91548000|0.0002|1|2024-04-26 16:02:16
91575000|0.0959|1|2024-04-26 16:02:16
91593000|0.1024|1|2024-04-26 16:02:16
91594000|0.0299|1|2024-04-26 16:02:16
91575000|0.088|1|2024-04-26 16:02:21
91593000|0.1024|1|2024-04-26 16:02:21
91594000|0.0299|1|2024-04-26 16:02:21
91602000|0.0002|1|2024-04-26 16:02:21
91604000|0.324|1|2024-04-26 16:02:21
91574000|0.063|1|2024-04-26 16:02:26
91575000|0.088|1|2024-04-26 16:02:26
91594000|0.0299|1|2024-04-26 16:02:26
91602000|0.0002|1|2024-04-26 16:02:26
91603000|0.1019|1|2024-04-26 16:02:26
91574000|0.063|1|2024-04-26 16:02:31
91575000|0.088|1|2024-04-26 16:02:31
91593000|0.1019|1|2024-04-26 16:02:31
91594000|0.0299|1|2024-04-26 16:02:31
91602000|0.0002|1|2024-04-26 16:02:31
91575000|0.088|1|2024-04-26 16:02:36
91594000|0.0299|1|2024-04-26 16:02:36
91602000|0.0002|1|2024-04-26 16:02:36
91608000|0.0002|1|2024-04-26 16:02:36
91621000|0.0002|1|2024-04-26 16:02:36
91575000|0.0879|1|2024-04-26 16:02:42
91594000|0.0299|1|2024-04-26 16:02:42
91602000|0.0002|1|2024-04-26 16:02:42
91608000|0.0002|1|2024-04-26 16:02:42
91621000|0.0002|1|2024-04-26 16:02:42
91575000|0.0879|1|2024-04-26 16:02:47
91594000|0.0299|1|2024-04-26 16:02:47
91602000|0.0002|1|2024-04-26 16:02:47
91607000|0.0629|1|2024-04-26 16:02:47
91608000|0.0002|1|2024-04-26 16:02:47
91560000|0.0106|1|2024-04-26 16:02:52
91575000|0.0879|1|2024-04-26 16:02:52
91594000|0.0299|1|2024-04-26 16:02:52
91600000|0.0218|1|2024-04-26 16:02:52
91602000|0.0002|1|2024-04-26 16:02:52
91575000|0.0229|1|2024-04-26 16:02:57
91594000|0.0299|1|2024-04-26 16:02:57
91600000|0.0218|1|2024-04-26 16:02:57
91602000|0.0002|1|2024-04-26 16:02:57
91608000|0.0002|1|2024-04-26 16:02:57
91594000|0.0598|1|2024-04-26 16:03:02
91600000|0.0218|1|2024-04-26 16:03:02
91602000|0.0002|1|2024-04-26 16:03:02
91608000|0.0002|1|2024-04-26 16:03:02
91621000|0.0002|1|2024-04-26 16:03:02
91589000|0.0201|1|2024-04-26 16:03:07
91594000|0.0577|1|2024-04-26 16:03:07
91600000|0.0218|1|2024-04-26 16:03:07
91602000|0.0002|1|2024-04-26 16:03:07
91604000|0.0465|1|2024-04-26 16:03:07
91589000|0.02|1|2024-04-26 16:03:12
91594000|0.0278|1|2024-04-26 16:03:12
91599000|0.0278|1|2024-04-26 16:03:12
91600000|0.0218|1|2024-04-26 16:03:12
91602000|0.0002|1|2024-04-26 16:03:12
91608000|0.0002|1|2024-04-26 16:03:17
91621000|0.0002|1|2024-04-26 16:03:17
91628000|0.0002|1|2024-04-26 16:03:17
91654000|0.033|1|2024-04-26 16:03:17
91655000|0.0007|1|2024-04-26 16:03:17
91628000|0.0002|1|2024-04-26 16:03:23
91657000|0.002|1|2024-04-26 16:03:23
91659000|0.0008|1|2024-04-26 16:03:23
91660000|0.0012|1|2024-04-26 16:03:23
91667000|0.001|1|2024-04-26 16:03:23
91628000|0.0002|1|2024-04-26 16:03:28
91657000|0.002|1|2024-04-26 16:03:28
91658000|0.0062|1|2024-04-26 16:03:28
91659000|0.0008|1|2024-04-26 16:03:28
91660000|0.0012|1|2024-04-26 16:03:28
91628000|0.0002|1|2024-04-26 16:03:33
91657000|0.002|1|2024-04-26 16:03:33
91659000|0.0008|1|2024-04-26 16:03:33
91660000|0.0012|1|2024-04-26 16:03:33
91667000|0.001|1|2024-04-26 16:03:33
91672000|0.0313|1|2024-04-26 16:03:38
91673000|0.0313|1|2024-04-26 16:03:38
91674000|0.0007|1|2024-04-26 16:03:38
91676000|0.0002|1|2024-04-26 16:03:38
91678000|0.0002|1|2024-04-26 16:03:38
91676000|0.0002|1|2024-04-26 16:03:43
91677000|0.0062|1|2024-04-26 16:03:43
91678000|0.0002|1|2024-04-26 16:03:43
91689000|0.0313|1|2024-04-26 16:03:43
91690000|0.0007|1|2024-04-26 16:03:43
91677000|0.0062|1|2024-04-26 16:03:48
91678000|0.0013|1|2024-04-26 16:03:48
91697000|0.328|1|2024-04-26 16:03:48
91700000|0.0111|1|2024-04-26 16:03:48
91702000|0.001|1|2024-04-26 16:03:48
91677000|0.0061|1|2024-04-26 16:03:53
91678000|0.0002|1|2024-04-26 16:03:53
91699000|0.0011|1|2024-04-26 16:03:53
91700000|0.0111|1|2024-04-26 16:03:53
91702000|0.001|1|2024-04-26 16:03:53
91678000|0.0002|1|2024-04-26 16:03:58
91700000|0.0111|1|2024-04-26 16:03:58
91702000|0.001|1|2024-04-26 16:03:58
91712000|0.0005|1|2024-04-26 16:03:58
91716000|0.0011|1|2024-04-26 16:03:58
91749000|0.1718|1|2024-04-26 16:04:03
91750000|0.2649|1|2024-04-26 16:04:03
91760000|0.0005|1|2024-04-26 16:04:03
91765000|0.003|1|2024-04-26 16:04:03
91766000|0.0201|1|2024-04-26 16:04:03
91677000|0.093|1|2024-04-26 16:04:09
91737000|0.0405|1|2024-04-26 16:04:09
91738000|0.0652|1|2024-04-26 16:04:09
91750000|0.3268|1|2024-04-26 16:04:09
91760000|0.0005|1|2024-04-26 16:04:09
91747000|0.1088|1|2024-04-26 16:04:14
91748000|0.0157|1|2024-04-26 16:04:14
91750000|0.328|1|2024-04-26 16:04:14
91760000|0.0005|1|2024-04-26 16:04:14
91763000|0.0001|1|2024-04-26 16:04:14
91745000|0.1088|1|2024-04-26 16:04:19
91749000|0.0629|1|2024-04-26 16:04:19
91750000|0.328|1|2024-04-26 16:04:19
91760000|0.0005|1|2024-04-26 16:04:19
91763000|0.0001|1|2024-04-26 16:04:19
91679000|0.0029|1|2024-04-26 16:04:24
91734000|0.012|1|2024-04-26 16:04:24
91737000|0.0934|1|2024-04-26 16:04:24
91738000|0.0012|1|2024-04-26 16:04:24
91741000|0.0393|1|2024-04-26 16:04:24
91733000|0.109|1|2024-04-26 16:04:29
91746000|0.0363|1|2024-04-26 16:04:29
91753000|0.0393|1|2024-04-26 16:04:29
91758000|0.0051|1|2024-04-26 16:04:29
91759000|0.0261|1|2024-04-26 16:04:29
91733000|0.106|1|2024-04-26 16:04:34
91760000|0.0005|1|2024-04-26 16:04:34
91762000|0.0108|1|2024-04-26 16:04:34
91763000|0.0001|1|2024-04-26 16:04:34
91765000|0.003|1|2024-04-26 16:04:34
91731000|0.0927|1|2024-04-26 16:04:39
91732000|0.0191|1|2024-04-26 16:04:39
91751000|0.057|1|2024-04-26 16:04:39
91752000|0.0681|1|2024-04-26 16:04:39
91753000|0.0559|1|2024-04-26 16:04:39
91763000|0.0191|1|2024-04-26 16:04:44
91764000|0.1088|1|2024-04-26 16:04:44
91765000|0.0368|1|2024-04-26 16:04:44
91766000|0.0632|1|2024-04-26 16:04:44
91768000|0.0363|1|2024-04-26 16:04:44
91760000|0.0655|1|2024-04-26 16:04:50
91765000|0.0032|1|2024-04-26 16:04:50
91766000|0.0201|1|2024-04-26 16:04:50
91772000|0.0235|1|2024-04-26 16:04:50
91775000|0.0217|1|2024-04-26 16:04:50
91759000|0.1088|1|2024-04-26 16:04:55
91765000|0.0032|1|2024-04-26 16:04:55
91766000|0.0201|1|2024-04-26 16:04:55
91771000|0.0335|1|2024-04-26 16:04:55
91772000|0.0235|1|2024-04-26 16:04:55
91716000|0.0082|1|2024-04-26 16:05:00
91717000|0.1088|1|2024-04-26 16:05:00
91759000|0.0001|1|2024-04-26 16:05:00
91764000|0.0335|1|2024-04-26 16:05:00
91765000|0.1681|1|2024-04-26 16:05:00
91706000|0.1088|1|2024-04-26 16:05:05
91707000|0.014|1|2024-04-26 16:05:05
91728000|0.0285|1|2024-04-26 16:05:05
91729000|0.0235|1|2024-04-26 16:05:05
91730000|0.0763|1|2024-04-26 16:05:05
91699000|0.1088|1|2024-04-26 16:05:10
91700000|0.0054|1|2024-04-26 16:05:10
91703000|0.0244|1|2024-04-26 16:05:10
91704000|0.052|1|2024-04-26 16:05:10
91705000|0.0396|1|2024-04-26 16:05:10
91674000|0.1036|1|2024-04-26 16:05:15
91677000|0.0095|1|2024-04-26 16:05:15
91682000|0.0001|1|2024-04-26 16:05:15
91683000|0.0004|1|2024-04-26 16:05:15
91684000|0.0378|1|2024-04-26 16:05:15
91671000|0.1088|1|2024-04-26 16:05:20
91672000|0.0001|1|2024-04-26 16:05:20
91674000|0.0002|1|2024-04-26 16:05:20
91677000|0.1135|1|2024-04-26 16:05:20
91678000|0.0529|1|2024-04-26 16:05:20
91654000|0.1089|1|2024-04-26 16:05:25
91655000|0.0529|1|2024-04-26 16:05:25
91656000|0.0235|1|2024-04-26 16:05:25
91657000|0.0763|1|2024-04-26 16:05:25
91658000|0.0881|1|2024-04-26 16:05:25
91616000|0.0017|1|2024-04-26 16:05:31
91639000|0.0305|1|2024-04-26 16:05:31
91654000|0.0777|1|2024-04-26 16:05:31
91655000|0.0529|1|2024-04-26 16:05:31
91656000|0.0235|1|2024-04-26 16:05:31
91639000|0.0106|1|2024-04-26 16:05:36
91657000|0.0002|1|2024-04-26 16:05:36
91671000|0.0774|1|2024-04-26 16:05:36
91672000|0.0529|1|2024-04-26 16:05:36
91673000|0.0235|1|2024-04-26 16:05:36
91655000|0.0258|1|2024-04-26 16:05:41
91656000|0.119|1|2024-04-26 16:05:41
91657000|0.0002|1|2024-04-26 16:05:41
91658000|0.1248|1|2024-04-26 16:05:41
91659000|0.0238|1|2024-04-26 16:05:41
91603000|0.0957|1|2024-04-26 16:05:46
91635000|0.0002|1|2024-04-26 16:05:46
91643000|0.0543|1|2024-04-26 16:05:46
91644000|0.0235|1|2024-04-26 16:05:46
91645000|0.0367|1|2024-04-26 16:05:46
91599000|0.0589|1|2024-04-26 16:05:51
91600000|0.2958|1|2024-04-26 16:05:51
91635000|0.0002|1|2024-04-26 16:05:51
91641000|0.0619|1|2024-04-26 16:05:51
91642000|0.0235|1|2024-04-26 16:05:51
91599000|0.1089|1|2024-04-26 16:05:56
91600000|0.1881|1|2024-04-26 16:05:56
91635000|0.0546|1|2024-04-26 16:05:56
91636000|0.0396|1|2024-04-26 16:05:56
91637000|0.0409|1|2024-04-26 16:05:56
91580000|0.0253|1|2024-04-26 16:06:01
91599000|0.0539|1|2024-04-26 16:06:01
91600000|0.188|1|2024-04-26 16:06:01
91628000|0.0335|1|2024-04-26 16:06:01
91629000|0.052|1|2024-04-26 16:06:01
91600000|0.188|1|2024-04-26 16:06:06
91619000|0.0077|1|2024-04-26 16:06:06
91635000|0.0002|1|2024-04-26 16:06:06
91638000|0.0285|1|2024-04-26 16:06:06
91644000|0.0346|1|2024-04-26 16:06:06
91600000|0.1879|1|2024-04-26 16:06:12
91606000|0.1089|1|2024-04-26 16:06:12
91635000|0.0002|1|2024-04-26 16:06:12
91641000|0.0002|1|2024-04-26 16:06:12
91647000|0.0285|1|2024-04-26 16:06:12
91600000|0.1879|1|2024-04-26 16:06:17
91635000|0.0002|1|2024-04-26 16:06:17
91641000|0.0002|1|2024-04-26 16:06:17
91643000|0.0285|1|2024-04-26 16:06:17
91645000|0.0217|1|2024-04-26 16:06:17
91590000|0.0001|1|2024-04-26 16:06:22
91598000|0.1089|1|2024-04-26 16:06:22
91600000|0.1879|1|2024-04-26 16:06:22
91630000|0.0285|1|2024-04-26 16:06:22
91633000|0.0217|1|2024-04-26 16:06:22
91589000|0.0957|1|2024-04-26 16:06:27
91600000|0.1879|1|2024-04-26 16:06:27
91612000|0.0285|1|2024-04-26 16:06:27
91615000|0.016|1|2024-04-26 16:06:27
91616000|0.3497|1|2024-04-26 16:06:27
91589000|0.0922|1|2024-04-26 16:06:32
91600000|0.1879|1|2024-04-26 16:06:32
91607000|0.0285|1|2024-04-26 16:06:32
91609000|0.0217|1|2024-04-26 16:06:32
91611000|0.0429|1|2024-04-26 16:06:32
91580000|0.1153|1|2024-04-26 16:06:37
91596000|0.0285|1|2024-04-26 16:06:37
91599000|0.0217|1|2024-04-26 16:06:37
91600000|0.2246|1|2024-04-26 16:06:37
91601000|0.0911|1|2024-04-26 16:06:37
91580000|0.1153|1|2024-04-26 16:06:42
91587000|0.0285|1|2024-04-26 16:06:42
91589000|0.0062|1|2024-04-26 16:06:42
91590000|0.0217|1|2024-04-26 16:06:42
91591000|0.0369|1|2024-04-26 16:06:42
91580000|0.1153|1|2024-04-26 16:06:47
91581000|0.0285|1|2024-04-26 16:06:47
91584000|0.0217|1|2024-04-26 16:06:47
91585000|0.0605|1|2024-04-26 16:06:47
91586000|0.1028|1|2024-04-26 16:06:47
91571000|0.0285|1|2024-04-26 16:06:53
91573000|0.1091|1|2024-04-26 16:06:53
91574000|0.0584|1|2024-04-26 16:06:53
91576000|0.0911|1|2024-04-26 16:06:53
91577000|0.4009|1|2024-04-26 16:06:53
91516000|0.1014|1|2024-04-26 16:06:58
91519000|0.1091|1|2024-04-26 16:06:58
91540000|0.0285|1|2024-04-26 16:06:58
91541000|0.328|1|2024-04-26 16:06:58
91543000|0.0217|1|2024-04-26 16:06:58
91496000|0.0021|1|2024-04-26 16:07:03
91505000|0.001|1|2024-04-26 16:07:03
91506000|0.0869|1|2024-04-26 16:07:03
91507000|0.0218|1|2024-04-26 16:07:03
91527000|0.0217|1|2024-04-26 16:07:03
91496000|0.0|1|2024-04-26 16:07:08
91504000|0.109|1|2024-04-26 16:07:08
91505000|0.0311|1|2024-04-26 16:07:08
91532000|0.0285|1|2024-04-26 16:07:08
91535000|0.0455|1|2024-04-26 16:07:08
91505000|0.0099|1|2024-04-26 16:07:13
91547000|0.0002|1|2024-04-26 16:07:13
91550000|0.0285|1|2024-04-26 16:07:13
91553000|0.0455|1|2024-04-26 16:07:13
91554000|0.069|1|2024-04-26 16:07:13
91496000|0.0215|1|2024-04-26 16:07:18
91505000|0.0099|1|2024-04-26 16:07:18
91543000|0.0285|1|2024-04-26 16:07:18
91546000|0.0455|1|2024-04-26 16:07:18
91547000|0.0692|1|2024-04-26 16:07:18
91501000|0.0025|1|2024-04-26 16:07:23
91516000|0.0872|1|2024-04-26 16:07:23
91517000|0.035|1|2024-04-26 16:07:23
91532000|0.0285|1|2024-04-26 16:07:23
91535000|0.0238|1|2024-04-26 16:07:23
91489000|0.1091|1|2024-04-26 16:07:28
91490000|0.3898|1|2024-04-26 16:07:28
91501000|0.0285|1|2024-04-26 16:07:28
91504000|0.0455|1|2024-04-26 16:07:28
91505000|0.069|1|2024-04-26 16:07:28
91473000|0.3617|1|2024-04-26 16:07:34
91474000|0.0139|1|2024-04-26 16:07:34
91475000|0.0279|1|2024-04-26 16:07:34
91477000|0.0958|1|2024-04-26 16:07:34
91482000|0.0001|1|2024-04-26 16:07:34
91452000|0.087|1|2024-04-26 16:07:39
91453000|0.0101|1|2024-04-26 16:07:39
91454000|0.0616|1|2024-04-26 16:07:39
91456000|0.0271|1|2024-04-26 16:07:39
91457000|0.0641|1|2024-04-26 16:07:39
91414000|0.018|1|2024-04-26 16:07:44
91415000|0.228|1|2024-04-26 16:07:44
91416000|0.0631|1|2024-04-26 16:07:44
91449000|0.0594|1|2024-04-26 16:07:44
91450000|0.0938|1|2024-04-26 16:07:44
91414000|0.1092|1|2024-04-26 16:07:49
91416000|0.0631|1|2024-04-26 16:07:49
91424000|0.0558|1|2024-04-26 16:07:49
91449000|0.0594|1|2024-04-26 16:07:49
91451000|0.059|1|2024-04-26 16:07:49
91414000|0.0756|1|2024-04-26 16:07:54
91416000|0.0631|1|2024-04-26 16:07:54
91449000|0.0594|1|2024-04-26 16:07:54
91451000|0.0002|1|2024-04-26 16:07:54
91459000|0.0576|1|2024-04-26 16:07:54
91375000|0.1092|1|2024-04-26 16:07:59
91376000|0.0625|1|2024-04-26 16:07:59
91429000|0.0646|1|2024-04-26 16:07:59
91433000|0.0012|1|2024-04-26 16:07:59
91439000|1.8542|1|2024-04-26 16:07:59
91375000|0.1344|1|2024-04-26 16:08:04
91376000|0.0614|1|2024-04-26 16:08:04
91414000|0.0602|1|2024-04-26 16:08:04
91415000|0.0002|1|2024-04-26 16:08:04
91423000|0.328|1|2024-04-26 16:08:04
91343000|0.2423|1|2024-04-26 16:08:09
91376000|0.0641|1|2024-04-26 16:08:09
91391000|0.328|1|2024-04-26 16:08:09
91392000|0.0012|1|2024-04-26 16:08:09
91393000|0.0581|1|2024-04-26 16:08:09
91342000|0.0195|1|2024-04-26 16:08:15
91343000|0.0202|1|2024-04-26 16:08:15
91371000|0.328|1|2024-04-26 16:08:15
91376000|0.0002|1|2024-04-26 16:08:15
91393000|0.0581|1|2024-04-26 16:08:15
91341000|0.1092|1|2024-04-26 16:08:20
91342000|0.0275|1|2024-04-26 16:08:20
91343000|0.0202|1|2024-04-26 16:08:20
91371000|0.3282|1|2024-04-26 16:08:20
91376000|0.0002|1|2024-04-26 16:08:20
91342000|0.1092|1|2024-04-26 16:08:25
91343000|0.0002|1|2024-04-26 16:08:25
91349000|0.0202|1|2024-04-26 16:08:25
91371000|0.0002|1|2024-04-26 16:08:25
91376000|0.0002|1|2024-04-26 16:08:25
91324000|0.0037|1|2024-04-26 16:08:30
91341000|0.1092|1|2024-04-26 16:08:30
91342000|0.0128|1|2024-04-26 16:08:30
91349000|0.0149|1|2024-04-26 16:08:30
91371000|0.0002|1|2024-04-26 16:08:30
91359000|0.0632|1|2024-04-26 16:08:35
91360000|0.0012|1|2024-04-26 16:08:35
91369000|0.054|1|2024-04-26 16:08:35
91371000|0.0002|1|2024-04-26 16:08:35
91376000|0.0002|1|2024-04-26 16:08:35
91321000|0.0841|1|2024-04-26 16:08:40
91322000|0.0069|1|2024-04-26 16:08:40
91369000|0.0002|1|2024-04-26 16:08:40
91371000|0.0002|1|2024-04-26 16:08:40
91376000|0.0002|1|2024-04-26 16:08:40
91367000|0.0176|1|2024-04-26 16:08:45
91368000|0.1385|1|2024-04-26 16:08:45
91369000|0.0293|1|2024-04-26 16:08:45
91371000|0.0002|1|2024-04-26 16:08:45
91376000|0.0002|1|2024-04-26 16:08:45
91293000|0.0|1|2024-04-26 16:08:50
91362000|0.0216|1|2024-04-26 16:08:50
91363000|0.021|1|2024-04-26 16:08:50
91364000|0.1092|1|2024-04-26 16:08:50
91369000|0.0293|1|2024-04-26 16:08:50
91359000|0.0104|1|2024-04-26 16:08:56
91360000|0.1093|1|2024-04-26 16:08:56
91362000|0.0293|1|2024-04-26 16:08:56
91363000|0.0012|1|2024-04-26 16:08:56
91368000|0.0003|1|2024-04-26 16:08:56
91292000|0.1171|1|2024-04-26 16:09:01
91368000|0.0129|1|2024-04-26 16:09:01
91369000|0.0293|1|2024-04-26 16:09:01
91371000|0.0002|1|2024-04-26 16:09:01
91376000|0.0002|1|2024-04-26 16:09:01
91367000|0.1092|1|2024-04-26 16:09:06
91368000|0.0223|1|2024-04-26 16:09:06
91369000|0.0223|1|2024-04-26 16:09:06
91371000|0.0002|1|2024-04-26 16:09:06
91376000|0.0002|1|2024-04-26 16:09:06
91367000|0.1092|1|2024-04-26 16:09:11
91368000|0.0223|1|2024-04-26 16:09:11
91369000|0.0223|1|2024-04-26 16:09:11
91371000|0.0002|1|2024-04-26 16:09:11
91376000|0.0002|1|2024-04-26 16:09:11
91367000|0.1092|1|2024-04-26 16:09:16
91369000|0.0223|1|2024-04-26 16:09:16
91371000|0.0002|1|2024-04-26 16:09:16
91376000|0.0002|1|2024-04-26 16:09:16
91406000|0.0008|1|2024-04-26 16:09:16
91489000|0.0063|1|2024-04-26 16:09:21
91503000|0.0892|1|2024-04-26 16:09:21
91504000|0.0398|1|2024-04-26 16:09:21
91507000|0.0545|1|2024-04-26 16:09:21
91513000|0.328|1|2024-04-26 16:09:21
91476000|0.065|1|2024-04-26 16:09:26
91485000|0.0856|1|2024-04-26 16:09:26
91486000|0.1091|1|2024-04-26 16:09:26
91492000|0.0603|1|2024-04-26 16:09:26
91502000|0.0577|1|2024-04-26 16:09:26
91477000|0.1091|1|2024-04-26 16:09:31
91478000|0.0063|1|2024-04-26 16:09:31
91486000|0.0002|1|2024-04-26 16:09:31
91516000|0.0741|1|2024-04-26 16:09:31
91520000|0.0619|1|2024-04-26 16:09:31
91477000|0.1091|1|2024-04-26 16:09:37
91478000|0.0063|1|2024-04-26 16:09:37
91486000|0.0002|1|2024-04-26 16:09:37
91504000|0.0001|1|2024-04-26 16:09:37
91516000|0.0002|1|2024-04-26 16:09:37
91477000|0.1091|1|2024-04-26 16:09:42
91478000|0.0063|1|2024-04-26 16:09:42
91486000|0.0002|1|2024-04-26 16:09:42
91504000|0.0001|1|2024-04-26 16:09:42
91516000|0.0002|1|2024-04-26 16:09:42
91475000|0.1091|1|2024-04-26 16:09:47
91476000|0.002|1|2024-04-26 16:09:47
91478000|0.0063|1|2024-04-26 16:09:47
91486000|0.0022|1|2024-04-26 16:09:47
91504000|0.0001|1|2024-04-26 16:09:47
91472000|0.1091|1|2024-04-26 16:09:52
91473000|0.002|1|2024-04-26 16:09:52
91476000|0.002|1|2024-04-26 16:09:52
91478000|0.0063|1|2024-04-26 16:09:52
91486000|0.0022|1|2024-04-26 16:09:52
91472000|0.1091|1|2024-04-26 16:09:57
91473000|0.002|1|2024-04-26 16:09:57
91476000|0.002|1|2024-04-26 16:09:57
91478000|0.0063|1|2024-04-26 16:09:57
91486000|0.0022|1|2024-04-26 16:09:57
91472000|0.1091|1|2024-04-26 16:10:02
91473000|0.002|1|2024-04-26 16:10:02
91476000|0.002|1|2024-04-26 16:10:02
91478000|0.0063|1|2024-04-26 16:10:02
91486000|0.0022|1|2024-04-26 16:10:02
91472000|0.1091|1|2024-04-26 16:10:07
91473000|0.002|1|2024-04-26 16:10:07
91476000|0.002|1|2024-04-26 16:10:07
91478000|0.0063|1|2024-04-26 16:10:07
91486000|0.0022|1|2024-04-26 16:10:07
91468000|0.1135|1|2024-04-26 16:10:12
91469000|0.0174|1|2024-04-26 16:10:12
91470000|0.1091|1|2024-04-26 16:10:12
91473000|0.002|1|2024-04-26 16:10:12
91476000|0.002|1|2024-04-26 16:10:12
91467000|0.1089|1|2024-04-26 16:10:18
91473000|0.002|1|2024-04-26 16:10:18
91476000|0.002|1|2024-04-26 16:10:18
91478000|0.0063|1|2024-04-26 16:10:18
91486000|0.0022|1|2024-04-26 16:10:18
91467000|0.1091|1|2024-04-26 16:10:23
91473000|0.002|1|2024-04-26 16:10:23
91476000|0.002|1|2024-04-26 16:10:23
91478000|0.0063|1|2024-04-26 16:10:23
91486000|0.0022|1|2024-04-26 16:10:23
91463000|0.0177|1|2024-04-26 16:10:28
91467000|0.1093|1|2024-04-26 16:10:28
91473000|0.002|1|2024-04-26 16:10:28
91476000|0.002|1|2024-04-26 16:10:28
91478000|0.0063|1|2024-04-26 16:10:28
91463000|0.0009|1|2024-04-26 16:10:33
91467000|0.0176|1|2024-04-26 16:10:33
91473000|0.002|1|2024-04-26 16:10:33
91476000|0.002|1|2024-04-26 16:10:33
91478000|0.0063|1|2024-04-26 16:10:33
91452000|0.1289|1|2024-04-26 16:10:38
91467000|0.0002|1|2024-04-26 16:10:38
91473000|0.002|1|2024-04-26 16:10:38
91476000|0.002|1|2024-04-26 16:10:38
91486000|0.0022|1|2024-04-26 16:10:38
91446000|0.0009|1|2024-04-26 16:10:43
91455000|0.0063|1|2024-04-26 16:10:43
91467000|0.0002|1|2024-04-26 16:10:43
91473000|0.002|1|2024-04-26 16:10:43
91476000|0.002|1|2024-04-26 16:10:43
91467000|0.0002|1|2024-04-26 16:10:48
91473000|0.002|1|2024-04-26 16:10:48
91476000|0.002|1|2024-04-26 16:10:48
91480000|0.0096|1|2024-04-26 16:10:48
91482000|0.0009|1|2024-04-26 16:10:48
91476000|0.002|1|2024-04-26 16:10:53
91486000|0.0022|1|2024-04-26 16:10:53
91490000|0.0008|1|2024-04-26 16:10:53
91496000|0.0096|1|2024-04-26 16:10:53
91498000|0.0009|1|2024-04-26 16:10:53
91473000|0.0252|1|2024-04-26 16:10:59
91476000|0.002|1|2024-04-26 16:10:59
91486000|0.0022|1|2024-04-26 16:10:59
91490000|0.0008|1|2024-04-26 16:10:59
91496000|0.0096|1|2024-04-26 16:10:59
91520000|0.002|1|2024-04-26 16:11:04
91551000|0.0398|1|2024-04-26 16:11:04
91569000|1.801|1|2024-04-26 16:11:04
91575000|0.0078|1|2024-04-26 16:11:04
91580000|0.0083|1|2024-04-26 16:11:04
91519000|0.0659|1|2024-04-26 16:11:09
91520000|0.002|1|2024-04-26 16:11:09
91537000|0.063|1|2024-04-26 16:11:09
91546000|0.1144|1|2024-04-26 16:11:09
91547000|0.0642|1|2024-04-26 16:11:09
91515000|0.172|1|2024-04-26 16:11:14
91516000|0.1136|1|2024-04-26 16:11:14
91518000|0.0174|1|2024-04-26 16:11:14
91520000|0.002|1|2024-04-26 16:11:14
91525000|0.0559|1|2024-04-26 16:11:14
91511000|0.109|1|2024-04-26 16:11:19
91515000|0.063|1|2024-04-26 16:11:19
91520000|0.002|1|2024-04-26 16:11:19
91524000|0.1136|1|2024-04-26 16:11:19
91536000|0.1136|1|2024-04-26 16:11:19
91511000|0.1091|1|2024-04-26 16:11:24
91520000|0.002|1|2024-04-26 16:11:24
91536000|0.1136|1|2024-04-26 16:11:24
91537000|0.063|1|2024-04-26 16:11:24
91550000|0.0625|1|2024-04-26 16:11:24
91511000|0.0721|1|2024-04-26 16:11:29
91520000|0.002|1|2024-04-26 16:11:29
91536000|0.1136|1|2024-04-26 16:11:29
91537000|0.063|1|2024-04-26 16:11:29
91550000|0.0625|1|2024-04-26 16:11:29
91511000|0.0703|1|2024-04-26 16:11:34
91520000|0.002|1|2024-04-26 16:11:34
91536000|0.1136|1|2024-04-26 16:11:34
91537000|0.063|1|2024-04-26 16:11:34
91550000|0.0625|1|2024-04-26 16:11:34
91511000|0.0001|1|2024-04-26 16:11:40
91520000|0.002|1|2024-04-26 16:11:40
91525000|0.109|1|2024-04-26 16:11:40
91569000|0.001|1|2024-04-26 16:11:40
91575000|0.0078|1|2024-04-26 16:11:40
91598000|0.0934|1|2024-04-26 16:11:45
91599000|0.109|1|2024-04-26 16:11:45
91600000|0.0156|1|2024-04-26 16:11:45
91620000|0.0002|1|2024-04-26 16:11:45
91622000|0.0398|1|2024-04-26 16:11:45
91620000|0.0002|1|2024-04-26 16:11:50
91635000|0.0002|1|2024-04-26 16:11:50
91640000|0.0021|1|2024-04-26 16:11:50
91641000|0.0002|1|2024-04-26 16:11:50
91657000|0.0002|1|2024-04-26 16:11:50
91619000|0.109|1|2024-04-26 16:11:55
91620000|0.0002|1|2024-04-26 16:11:55
91635000|0.0002|1|2024-04-26 16:11:55
91640000|0.0021|1|2024-04-26 16:11:55
91641000|0.0002|1|2024-04-26 16:11:55
91619000|0.1085|1|2024-04-26 16:12:00
91620000|0.0002|1|2024-04-26 16:12:00
91635000|0.0002|1|2024-04-26 16:12:00
91640000|0.0053|1|2024-04-26 16:12:00
91641000|0.0002|1|2024-04-26 16:12:00
91619000|0.1085|1|2024-04-26 16:12:05
91620000|0.0002|1|2024-04-26 16:12:05
91635000|0.0002|1|2024-04-26 16:12:05
91640000|0.0053|1|2024-04-26 16:12:05
91641000|0.0002|1|2024-04-26 16:12:05
91620000|0.0002|1|2024-04-26 16:12:10
91626000|0.109|1|2024-04-26 16:12:10
91635000|0.0002|1|2024-04-26 16:12:10
91640000|0.0053|1|2024-04-26 16:12:10
91641000|0.0002|1|2024-04-26 16:12:10
91602000|0.0001|1|2024-04-26 16:12:16
91612000|0.109|1|2024-04-26 16:12:16
91620000|0.0002|1|2024-04-26 16:12:16
91635000|0.0002|1|2024-04-26 16:12:16
91640000|0.0053|1|2024-04-26 16:12:16
91600000|0.1091|1|2024-04-26 16:12:21
91601000|0.1946|1|2024-04-26 16:12:21
91620000|0.0002|1|2024-04-26 16:12:21
91625000|0.0629|1|2024-04-26 16:12:21
91635000|0.0002|1|2024-04-26 16:12:21
91596000|0.1089|1|2024-04-26 16:12:26
91597000|0.0001|1|2024-04-26 16:12:26
91601000|0.1946|1|2024-04-26 16:12:26
91620000|0.0002|1|2024-04-26 16:12:26
91625000|0.0396|1|2024-04-26 16:12:26
91594000|0.0678|1|2024-04-26 16:12:31
91595000|0.016|1|2024-04-26 16:12:31
91601000|0.1948|1|2024-04-26 16:12:31
91620000|0.0002|1|2024-04-26 16:12:31
91627000|0.0398|1|2024-04-26 16:12:31
91592000|0.1046|1|2024-04-26 16:12:36
91593000|0.0032|1|2024-04-26 16:12:36
91595000|0.016|1|2024-04-26 16:12:36
91601000|0.1948|1|2024-04-26 16:12:36
91615000|0.0398|1|2024-04-26 16:12:36
91592000|0.1024|1|2024-04-26 16:12:41
91593000|0.0032|1|2024-04-26 16:12:41
91595000|0.016|1|2024-04-26 16:12:41
91601000|0.1948|1|2024-04-26 16:12:41
91612000|0.0398|1|2024-04-26 16:12:41
91592000|0.1024|1|2024-04-26 16:12:46
91593000|0.0032|1|2024-04-26 16:12:46
91595000|0.016|1|2024-04-26 16:12:46
91600000|0.041|1|2024-04-26 16:12:46
91601000|0.1948|1|2024-04-26 16:12:46
91592000|0.1024|1|2024-04-26 16:12:51
91593000|0.0032|1|2024-04-26 16:12:51
91595000|0.016|1|2024-04-26 16:12:51
91600000|0.0543|1|2024-04-26 16:12:51
91601000|0.1948|1|2024-04-26 16:12:51
91591000|0.1089|1|2024-04-26 16:12:56
91593000|0.0032|1|2024-04-26 16:12:56
91595000|0.016|1|2024-04-26 16:12:56
91601000|0.1948|1|2024-04-26 16:12:56
91620000|0.0002|1|2024-04-26 16:12:56
91589000|0.1091|1|2024-04-26 16:13:02
91590000|0.1091|1|2024-04-26 16:13:02
91593000|0.0032|1|2024-04-26 16:13:02
91601000|0.1957|1|2024-04-26 16:13:02
91616000|0.063|1|2024-04-26 16:13:02
91589000|0.1091|1|2024-04-26 16:13:07
91590000|0.1091|1|2024-04-26 16:13:07
91593000|0.0032|1|2024-04-26 16:13:07
91601000|0.1957|1|2024-04-26 16:13:07
91616000|0.063|1|2024-04-26 16:13:07
91589000|0.1091|1|2024-04-26 16:13:12
91590000|0.0002|1|2024-04-26 16:13:12
91593000|0.0032|1|2024-04-26 16:13:12
91601000|0.1957|1|2024-04-26 16:13:12
91620000|0.0002|1|2024-04-26 16:13:12
91587000|0.1091|1|2024-04-26 16:13:17
91588000|0.063|1|2024-04-26 16:13:17
91590000|0.0002|1|2024-04-26 16:13:17
91601000|0.1957|1|2024-04-26 16:13:17
91620000|0.0002|1|2024-04-26 16:13:17
91587000|0.0981|1|2024-04-26 16:13:22
91588000|0.063|1|2024-04-26 16:13:22
91590000|0.0002|1|2024-04-26 16:13:22
91601000|0.1957|1|2024-04-26 16:13:22
91620000|0.0002|1|2024-04-26 16:13:22
91587000|0.0943|1|2024-04-26 16:13:27
91590000|0.0002|1|2024-04-26 16:13:27
91601000|0.1948|1|2024-04-26 16:13:27
91620000|0.0002|1|2024-04-26 16:13:27
91624000|0.328|1|2024-04-26 16:13:27
91590000|0.0002|1|2024-04-26 16:13:32
91601000|0.1948|1|2024-04-26 16:13:32
91607000|0.0629|1|2024-04-26 16:13:32
91620000|0.0002|1|2024-04-26 16:13:32
91635000|0.0002|1|2024-04-26 16:13:32
91589000|0.109|1|2024-04-26 16:13:37
91590000|0.0002|1|2024-04-26 16:13:37
91601000|0.1948|1|2024-04-26 16:13:37
91620000|0.0002|1|2024-04-26 16:13:37
91635000|0.0002|1|2024-04-26 16:13:37
91590000|0.0002|1|2024-04-26 16:13:43
91601000|0.1948|1|2024-04-26 16:13:43
91619000|0.0629|1|2024-04-26 16:13:43
91620000|0.0002|1|2024-04-26 16:13:43
91635000|0.0002|1|2024-04-26 16:13:43
91601000|0.1948|1|2024-04-26 16:13:48
91619000|0.0629|1|2024-04-26 16:13:48
91620000|0.0002|1|2024-04-26 16:13:48
91635000|0.0002|1|2024-04-26 16:13:48
91640000|0.0021|1|2024-04-26 16:13:48
91564000|0.0001|1|2024-04-26 16:13:53
91601000|0.1948|1|2024-04-26 16:13:53
91617000|0.0733|1|2024-04-26 16:13:53
91618000|0.0629|1|2024-04-26 16:13:53
91620000|0.0002|1|2024-04-26 16:13:53
91564000|0.0001|1|2024-04-26 16:13:58
91601000|0.1948|1|2024-04-26 16:13:58
91617000|0.0772|1|2024-04-26 16:13:58
91618000|0.0629|1|2024-04-26 16:13:58
91620000|0.0002|1|2024-04-26 16:13:58
91564000|0.0001|1|2024-04-26 16:14:03
91601000|0.1948|1|2024-04-26 16:14:03
91620000|0.0002|1|2024-04-26 16:14:03
91635000|0.0002|1|2024-04-26 16:14:03
91640000|0.0021|1|2024-04-26 16:14:03
91591000|0.0625|1|2024-04-26 16:14:08
91600000|0.0772|1|2024-04-26 16:14:08
91601000|0.1948|1|2024-04-26 16:14:08
91620000|0.0002|1|2024-04-26 16:14:08
91635000|0.0002|1|2024-04-26 16:14:08
91589000|0.077|1|2024-04-26 16:14:13
91590000|0.0198|1|2024-04-26 16:14:13
91591000|0.0625|1|2024-04-26 16:14:13
91601000|0.1948|1|2024-04-26 16:14:13
91610000|0.0625|1|2024-04-26 16:14:13
91590000|0.076|1|2024-04-26 16:14:19
91591000|0.0625|1|2024-04-26 16:14:19
91596000|0.0002|1|2024-04-26 16:14:19
91601000|0.1948|1|2024-04-26 16:14:19
91603000|0.0398|1|2024-04-26 16:14:19
91591000|0.0589|1|2024-04-26 16:14:24
91596000|0.0002|1|2024-04-26 16:14:24
91600000|0.0763|1|2024-04-26 16:14:24
91601000|0.1948|1|2024-04-26 16:14:24
91610000|0.1023|1|2024-04-26 16:14:24
91591000|0.0584|1|2024-04-26 16:14:29
91596000|0.0002|1|2024-04-26 16:14:29
91600000|0.0762|1|2024-04-26 16:14:29
91601000|0.1948|1|2024-04-26 16:14:29
91610000|0.0398|1|2024-04-26 16:14:29
91591000|0.0584|1|2024-04-26 16:14:34
91596000|0.0002|1|2024-04-26 16:14:34
91600000|0.0762|1|2024-04-26 16:14:34
91601000|0.1948|1|2024-04-26 16:14:34
91620000|0.0547|1|2024-04-26 16:14:34
91591000|0.0566|1|2024-04-26 16:14:39
91596000|0.0002|1|2024-04-26 16:14:39
91599000|0.0461|1|2024-04-26 16:14:39
91600000|0.0398|1|2024-04-26 16:14:39
91601000|0.1948|1|2024-04-26 16:14:39
91584000|0.0398|1|2024-04-26 16:14:44
91589000|0.0463|1|2024-04-26 16:14:44
91590000|0.0198|1|2024-04-26 16:14:44
91591000|0.0565|1|2024-04-26 16:14:44
91596000|0.0002|1|2024-04-26 16:14:44
91584000|0.0341|1|2024-04-26 16:14:49
91590000|0.0463|1|2024-04-26 16:14:49
91591000|0.0565|1|2024-04-26 16:14:49
91596000|0.0002|1|2024-04-26 16:14:49
91598000|0.0639|1|2024-04-26 16:14:49
91591000|0.0565|1|2024-04-26 16:14:55
91593000|0.0341|1|2024-04-26 16:14:55
91596000|0.0002|1|2024-04-26 16:14:55
91600000|0.0465|1|2024-04-26 16:14:55
91601000|0.1948|1|2024-04-26 16:14:55
91543000|0.0197|1|2024-04-26 16:15:00
91559000|0.0341|1|2024-04-26 16:15:00
91573000|0.0161|1|2024-04-26 16:15:00
91587000|0.0624|1|2024-04-26 16:15:00
91590000|0.0465|1|2024-04-26 16:15:00
91538000|0.0001|1|2024-04-26 16:15:05
91542000|0.0063|1|2024-04-26 16:15:05
91554000|0.0341|1|2024-04-26 16:15:05
91565000|0.0442|1|2024-04-26 16:15:05
91576000|0.0567|1|2024-04-26 16:15:05
91529000|0.0341|1|2024-04-26 16:15:10
91538000|0.0001|1|2024-04-26 16:15:10
91541000|0.0393|1|2024-04-26 16:15:10
91542000|0.0063|1|2024-04-26 16:15:10
91576000|0.0567|1|2024-04-26 16:15:10
91503000|0.0161|1|2024-04-26 16:15:15
91536000|0.0341|1|2024-04-26 16:15:15
91542000|0.0063|1|2024-04-26 16:15:15
91575000|0.0393|1|2024-04-26 16:15:15
91576000|0.0567|1|2024-04-26 16:15:15
91502000|0.0054|1|2024-04-26 16:15:20
91503000|0.0161|1|2024-04-26 16:15:20
91536000|0.0341|1|2024-04-26 16:15:20
91575000|0.0736|1|2024-04-26 16:15:20
91576000|0.0567|1|2024-04-26 16:15:20
91535000|0.0064|1|2024-04-26 16:15:25
91583000|0.0805|1|2024-04-26 16:15:25
91584000|0.0341|1|2024-04-26 16:15:25
91587000|0.0002|1|2024-04-26 16:15:25
91591000|0.0125|1|2024-04-26 16:15:25
91535000|0.0064|1|2024-04-26 16:15:31
91577000|0.0804|1|2024-04-26 16:15:31
91578000|0.0341|1|2024-04-26 16:15:31
91587000|0.0638|1|2024-04-26 16:15:31
91591000|0.0125|1|2024-04-26 16:15:31
91535000|0.0001|1|2024-04-26 16:15:36
91587000|0.0002|1|2024-04-26 16:15:36
91591000|0.0125|1|2024-04-26 16:15:36
91596000|0.0002|1|2024-04-26 16:15:36
91600000|0.1018|1|2024-04-26 16:15:36
91535000|0.0001|1|2024-04-26 16:15:41
91587000|0.0002|1|2024-04-26 16:15:41
91590000|0.1096|1|2024-04-26 16:15:41
91591000|0.0125|1|2024-04-26 16:15:41
91596000|0.0002|1|2024-04-26 16:15:41
91535000|0.0001|1|2024-04-26 16:15:46
91562000|0.063|1|2024-04-26 16:15:46
91587000|0.0002|1|2024-04-26 16:15:46
91590000|0.1096|1|2024-04-26 16:15:46
91591000|0.0125|1|2024-04-26 16:15:46
91589000|0.1122|1|2024-04-26 16:15:51
91590000|0.063|1|2024-04-26 16:15:51
91591000|0.0125|1|2024-04-26 16:15:51
91596000|0.0002|1|2024-04-26 16:15:51
91601000|0.1948|1|2024-04-26 16:15:51
91568000|0.0341|1|2024-04-26 16:15:56
91585000|0.1159|1|2024-04-26 16:15:56
91586000|0.0551|1|2024-04-26 16:15:56
91590000|0.063|1|2024-04-26 16:15:56
91591000|0.0744|1|2024-04-26 16:15:56
91566000|0.0063|1|2024-04-26 16:16:01
91573000|0.1159|1|2024-04-26 16:16:01
91574000|0.0341|1|2024-04-26 16:16:01
91586000|0.0551|1|2024-04-26 16:16:01
91591000|0.0619|1|2024-04-26 16:16:01
91566000|0.0063|1|2024-04-26 16:16:06
91579000|0.1159|1|2024-04-26 16:16:06
91580000|0.328|1|2024-04-26 16:16:06
91589000|0.0127|1|2024-04-26 16:16:06
91591000|0.096|1|2024-04-26 16:16:06
91566000|0.0063|1|2024-04-26 16:16:12
91579000|0.1159|1|2024-04-26 16:16:12
91580000|0.328|1|2024-04-26 16:16:12
91589000|0.0127|1|2024-04-26 16:16:12
91596000|0.0002|1|2024-04-26 16:16:12
91566000|0.0063|1|2024-04-26 16:16:17
91579000|0.1159|1|2024-04-26 16:16:17
91580000|0.328|1|2024-04-26 16:16:17
91589000|0.0127|1|2024-04-26 16:16:17
91596000|0.0343|1|2024-04-26 16:16:17
91566000|0.0062|1|2024-04-26 16:16:22
91588000|0.1156|1|2024-04-26 16:16:22
91589000|0.0127|1|2024-04-26 16:16:22
91592000|0.328|1|2024-04-26 16:16:22
91596000|0.0002|1|2024-04-26 16:16:22
91566000|0.0062|1|2024-04-26 16:16:27
91588000|0.1156|1|2024-04-26 16:16:27
91589000|0.0127|1|2024-04-26 16:16:27
91596000|0.0002|1|2024-04-26 16:16:27
91601000|0.1948|1|2024-04-26 16:16:27
91565000|0.0162|1|2024-04-26 16:16:32
91566000|0.0062|1|2024-04-26 16:16:32
91585000|0.1156|1|2024-04-26 16:16:32
91586000|0.328|1|2024-04-26 16:16:32
91589000|0.0127|1|2024-04-26 16:16:32
91583000|0.1155|1|2024-04-26 16:16:37
91584000|0.063|1|2024-04-26 16:16:37
91586000|0.328|1|2024-04-26 16:16:37
91589000|0.0127|1|2024-04-26 16:16:37
91596000|0.0002|1|2024-04-26 16:16:37
91585000|0.1155|1|2024-04-26 16:16:42
91586000|0.328|1|2024-04-26 16:16:42
91589000|0.0127|1|2024-04-26 16:16:42
91596000|0.0002|1|2024-04-26 16:16:42
91601000|0.1948|1|2024-04-26 16:16:42
91583000|0.1153|1|2024-04-26 16:16:47
91584000|0.063|1|2024-04-26 16:16:47
91586000|0.328|1|2024-04-26 16:16:47
91589000|0.0127|1|2024-04-26 16:16:47
91596000|0.0002|1|2024-04-26 16:16:47
91584000|0.063|1|2024-04-26 16:16:53
91586000|0.328|1|2024-04-26 16:16:53
91589000|0.0127|1|2024-04-26 16:16:53
91596000|0.0002|1|2024-04-26 16:16:53
91597000|0.0596|1|2024-04-26 16:16:53
91584000|0.063|1|2024-04-26 16:16:58
91589000|0.0127|1|2024-04-26 16:16:58
91596000|0.0002|1|2024-04-26 16:16:58
91601000|0.1948|1|2024-04-26 16:16:58
91620000|0.0002|1|2024-04-26 16:16:58
91584000|0.0363|1|2024-04-26 16:17:03
91589000|0.0127|1|2024-04-26 16:17:03
91596000|0.0002|1|2024-04-26 16:17:03
91600000|0.1154|1|2024-04-26 16:17:03
91601000|0.1948|1|2024-04-26 16:17:03
91584000|0.0124|1|2024-04-26 16:17:08
91596000|0.0002|1|2024-04-26 16:17:08
91601000|0.1948|1|2024-04-26 16:17:08
91620000|0.0002|1|2024-04-26 16:17:08
91635000|0.0002|1|2024-04-26 16:17:08
91584000|0.0124|1|2024-04-26 16:17:13
91595000|0.063|1|2024-04-26 16:17:13
91596000|0.0002|1|2024-04-26 16:17:13
91601000|0.1948|1|2024-04-26 16:17:13
91620000|0.0002|1|2024-04-26 16:17:13
91595000|0.0617|1|2024-04-26 16:17:18
91596000|0.0002|1|2024-04-26 16:17:18
91601000|0.1948|1|2024-04-26 16:17:18
91620000|0.0002|1|2024-04-26 16:17:18
91635000|0.0002|1|2024-04-26 16:17:18
91595000|0.0617|1|2024-04-26 16:17:23
91596000|0.0002|1|2024-04-26 16:17:23
91601000|0.1948|1|2024-04-26 16:17:23
91620000|0.0002|1|2024-04-26 16:17:23
91635000|0.0002|1|2024-04-26 16:17:23
91595000|0.0617|1|2024-04-26 16:17:28
91596000|0.0002|1|2024-04-26 16:17:28
91601000|0.1948|1|2024-04-26 16:17:28
91620000|0.0002|1|2024-04-26 16:17:28
91635000|0.0002|1|2024-04-26 16:17:28
91595000|0.063|1|2024-04-26 16:17:33
91596000|0.0002|1|2024-04-26 16:17:33
91601000|0.1948|1|2024-04-26 16:17:33
91620000|0.0002|1|2024-04-26 16:17:33
91635000|0.0002|1|2024-04-26 16:17:33
91595000|0.063|1|2024-04-26 16:17:39
91596000|0.0002|1|2024-04-26 16:17:39
91601000|0.1948|1|2024-04-26 16:17:39
91620000|0.0002|1|2024-04-26 16:17:39
91635000|0.0002|1|2024-04-26 16:17:39
91595000|0.063|1|2024-04-26 16:17:44
91596000|0.0002|1|2024-04-26 16:17:44
91601000|0.1948|1|2024-04-26 16:17:44
91620000|0.0002|1|2024-04-26 16:17:44
91635000|0.0002|1|2024-04-26 16:17:44
91595000|0.063|1|2024-04-26 16:17:49
91596000|0.0002|1|2024-04-26 16:17:49
91601000|0.1948|1|2024-04-26 16:17:49
91620000|0.0002|1|2024-04-26 16:17:49
91635000|0.0002|1|2024-04-26 16:17:49
91595000|0.0001|1|2024-04-26 16:17:54
91596000|0.0002|1|2024-04-26 16:17:54
91600000|0.0629|1|2024-04-26 16:17:54
91601000|0.1948|1|2024-04-26 16:17:54
91620000|0.0002|1|2024-04-26 16:17:54
91595000|0.0001|1|2024-04-26 16:17:59
91596000|0.0002|1|2024-04-26 16:17:59
91601000|0.1948|1|2024-04-26 16:17:59
91620000|0.0002|1|2024-04-26 16:17:59
91635000|0.0002|1|2024-04-26 16:17:59
91594000|0.1092|1|2024-04-26 16:18:04
91596000|0.0002|1|2024-04-26 16:18:04
91601000|0.1948|1|2024-04-26 16:18:04
91608000|0.0629|1|2024-04-26 16:18:04
91620000|0.0002|1|2024-04-26 16:18:04
91589000|0.0602|1|2024-04-26 16:18:09
91601000|0.1948|1|2024-04-26 16:18:09
91620000|0.0002|1|2024-04-26 16:18:09
91635000|0.0002|1|2024-04-26 16:18:09
91640000|0.0021|1|2024-04-26 16:18:09
91589000|0.0603|1|2024-04-26 16:18:14
91601000|0.1948|1|2024-04-26 16:18:14
91602000|0.109|1|2024-04-26 16:18:14
91620000|0.0002|1|2024-04-26 16:18:14
91622000|0.0071|1|2024-04-26 16:18:14
91587000|0.0174|1|2024-04-26 16:18:20
91588000|0.0258|1|2024-04-26 16:18:20
91589000|0.0602|1|2024-04-26 16:18:20
91590000|0.0072|1|2024-04-26 16:18:20
91601000|0.1948|1|2024-04-26 16:18:20
91586000|0.0001|1|2024-04-26 16:18:25
91588000|0.0096|1|2024-04-26 16:18:25
91589000|0.1691|1|2024-04-26 16:18:25
91590000|0.0072|1|2024-04-26 16:18:25
