price|quantity|type|timestamp
91890000|0.1088|1|2024-04-27 00:00:01
91891000|0.0593|1|2024-04-27 00:00:01
91892000|0.0272|1|2024-04-27 00:00:01
91895000|0.0378|1|2024-04-27 00:00:01
91896000|0.0339|1|2024-04-27 00:00:01
91890000|0.1087|1|2024-04-27 00:00:06
91891000|0.0297|1|2024-04-27 00:00:06
91892000|0.0272|1|2024-04-27 00:00:06
91895000|0.0378|1|2024-04-27 00:00:06
91899000|0.0002|1|2024-04-27 00:00:06
91888000|0.1088|1|2024-04-27 00:00:11
91889000|0.0296|1|2024-04-27 00:00:11
91891000|0.0675|1|2024-04-27 00:00:11
91892000|0.0272|1|2024-04-27 00:00:11
91893000|0.0339|1|2024-04-27 00:00:11
91888000|0.1088|1|2024-04-27 00:00:16
91889000|0.0296|1|2024-04-27 00:00:16
91891000|0.0675|1|2024-04-27 00:00:16
91892000|0.0272|1|2024-04-27 00:00:16
91893000|0.0339|1|2024-04-27 00:00:16
91888000|0.1088|1|2024-04-27 00:00:21
91889000|0.0296|1|2024-04-27 00:00:21
91891000|0.0675|1|2024-04-27 00:00:21
91892000|0.0272|1|2024-04-27 00:00:21
91893000|0.0339|1|2024-04-27 00:00:21
91863000|0.0007|1|2024-04-27 00:00:26
91885000|0.1087|1|2024-04-27 00:00:26
91889000|0.0296|1|2024-04-27 00:00:26
91891000|0.0675|1|2024-04-27 00:00:26
91892000|0.0272|1|2024-04-27 00:00:26
91863000|0.0007|1|2024-04-27 00:00:32
91899000|0.0002|1|2024-04-27 00:00:32
91902000|0.1337|1|2024-04-27 00:00:32
91903000|0.0297|1|2024-04-27 00:00:32
91904000|0.0378|1|2024-04-27 00:00:32
91898000|0.1087|1|2024-04-27 00:00:37
91899000|0.0002|1|2024-04-27 00:00:37
91902000|0.0296|1|2024-04-27 00:00:37
91903000|0.0297|1|2024-04-27 00:00:37
91904000|0.0378|1|2024-04-27 00:00:37
91898000|0.1087|1|2024-04-27 00:00:42
91899000|0.0002|1|2024-04-27 00:00:42
91902000|0.0296|1|2024-04-27 00:00:42
91903000|0.0297|1|2024-04-27 00:00:42
91904000|0.0378|1|2024-04-27 00:00:42
91898000|0.1087|1|2024-04-27 00:00:47
91899000|0.0002|1|2024-04-27 00:00:47
91902000|0.0296|1|2024-04-27 00:00:47
91903000|0.0297|1|2024-04-27 00:00:47
91904000|0.0378|1|2024-04-27 00:00:47
91898000|0.1087|1|2024-04-27 00:00:52
91899000|0.0002|1|2024-04-27 00:00:52
91902000|0.0296|1|2024-04-27 00:00:52
91903000|0.0297|1|2024-04-27 00:00:52
91904000|0.0378|1|2024-04-27 00:00:52
91898000|0.1087|1|2024-04-27 00:00:57
91899000|0.0002|1|2024-04-27 00:00:57
91902000|0.0296|1|2024-04-27 00:00:57
91903000|0.0297|1|2024-04-27 00:00:57
91904000|0.0378|1|2024-04-27 00:00:57
91890000|0.1086|1|2024-04-27 00:01:03
91891000|0.0593|1|2024-04-27 00:01:03
91892000|0.0378|1|2024-04-27 00:01:03
91894000|0.0611|1|2024-04-27 00:01:03
91897000|0.0421|1|2024-04-27 00:01:03
91878000|0.1086|1|2024-04-27 00:01:08
91880000|0.0296|1|2024-04-27 00:01:08
91881000|0.0297|1|2024-04-27 00:01:08
91882000|0.0717|1|2024-04-27 00:01:08
91887000|0.0693|1|2024-04-27 00:01:08
91878000|0.1086|1|2024-04-27 00:01:13
91880000|0.0296|1|2024-04-27 00:01:13
91881000|0.0297|1|2024-04-27 00:01:13
91882000|0.0717|1|2024-04-27 00:01:13
91887000|0.0693|1|2024-04-27 00:01:13
91877000|0.1088|1|2024-04-27 00:01:18
91880000|0.0296|1|2024-04-27 00:01:18
91881000|0.0297|1|2024-04-27 00:01:18
91882000|0.0717|1|2024-04-27 00:01:18
91887000|0.0693|1|2024-04-27 00:01:18
91877000|0.0002|1|2024-04-27 00:01:23
91880000|0.0296|1|2024-04-27 00:01:23
91881000|0.0297|1|2024-04-27 00:01:23
91882000|0.0717|1|2024-04-27 00:01:23
91887000|0.0693|1|2024-04-27 00:01:23
91876000|0.102|1|2024-04-27 00:01:28
91880000|0.0296|1|2024-04-27 00:01:28
91881000|0.0297|1|2024-04-27 00:01:28
91882000|0.0717|1|2024-04-27 00:01:28
91887000|0.0693|1|2024-04-27 00:01:28
91875000|0.0505|1|2024-04-27 00:01:33
91880000|0.0296|1|2024-04-27 00:01:33
91881000|0.0297|1|2024-04-27 00:01:33
91882000|0.0717|1|2024-04-27 00:01:33
91887000|0.0693|1|2024-04-27 00:01:33
91879000|0.1087|1|2024-04-27 00:01:38
91880000|0.0259|1|2024-04-27 00:01:38
91881000|0.0297|1|2024-04-27 00:01:38
91882000|0.0717|1|2024-04-27 00:01:38
91887000|0.0693|1|2024-04-27 00:01:38
91880000|0.1346|1|2024-04-27 00:01:44
91881000|0.0297|1|2024-04-27 00:01:44
91882000|0.0717|1|2024-04-27 00:01:44
91887000|0.0693|1|2024-04-27 00:01:44
91899000|0.0002|1|2024-04-27 00:01:44
91880000|0.1642|1|2024-04-27 00:01:49
91881000|0.0297|1|2024-04-27 00:01:49
91882000|0.0717|1|2024-04-27 00:01:49
91887000|0.0693|1|2024-04-27 00:01:49
91899000|0.0002|1|2024-04-27 00:01:49
91880000|0.4682|1|2024-04-27 00:01:54
91881000|0.0297|1|2024-04-27 00:01:54
91882000|0.0717|1|2024-04-27 00:01:54
91887000|0.0693|1|2024-04-27 00:01:54
91899000|0.0002|1|2024-04-27 00:01:54
91880000|0.4613|1|2024-04-27 00:01:59
91881000|0.0297|1|2024-04-27 00:01:59
91882000|0.0717|1|2024-04-27 00:01:59
91886000|0.328|1|2024-04-27 00:01:59
91887000|0.0693|1|2024-04-27 00:01:59
91880000|0.4514|1|2024-04-27 00:02:05
91881000|0.0297|1|2024-04-27 00:02:05
91882000|0.0717|1|2024-04-27 00:02:05
91886000|0.328|1|2024-04-27 00:02:05
91887000|0.0421|1|2024-04-27 00:02:05
91865000|0.5787|1|2024-04-27 00:02:10
91880000|0.1474|1|2024-04-27 00:02:10
91881000|0.0297|1|2024-04-27 00:02:10
91882000|0.0717|1|2024-04-27 00:02:10
91887000|0.0421|1|2024-04-27 00:02:10
91864000|0.4073|1|2024-04-27 00:02:15
91865000|0.2379|1|2024-04-27 00:02:15
91880000|0.0387|1|2024-04-27 00:02:15
91881000|0.0297|1|2024-04-27 00:02:15
91882000|0.0717|1|2024-04-27 00:02:15
91864000|0.2991|1|2024-04-27 00:02:20
91865000|0.2379|1|2024-04-27 00:02:20
91880000|0.0387|1|2024-04-27 00:02:20
91881000|0.0297|1|2024-04-27 00:02:20
91882000|0.0717|1|2024-04-27 00:02:20
91864000|0.2245|1|2024-04-27 00:02:25
91865000|0.2379|1|2024-04-27 00:02:25
91880000|0.1474|1|2024-04-27 00:02:25
91881000|0.0297|1|2024-04-27 00:02:25
91882000|0.0717|1|2024-04-27 00:02:25
91864000|0.1293|1|2024-04-27 00:02:30
91865000|0.2379|1|2024-04-27 00:02:30
91880000|0.0298|1|2024-04-27 00:02:30
91883000|0.1087|1|2024-04-27 00:02:30
91892000|0.0297|1|2024-04-27 00:02:30
91844000|0.0954|1|2024-04-27 00:02:35
91880000|0.0298|1|2024-04-27 00:02:35
91886000|0.009|1|2024-04-27 00:02:35
91888000|0.0297|1|2024-04-27 00:02:35
91890000|0.1001|1|2024-04-27 00:02:35
91862000|0.1033|1|2024-04-27 00:02:40
91880000|0.0388|1|2024-04-27 00:02:40
91882000|0.0297|1|2024-04-27 00:02:40
91884000|0.0339|1|2024-04-27 00:02:40
91885000|0.0378|1|2024-04-27 00:02:40
91881000|0.1019|1|2024-04-27 00:02:46
91882000|0.0076|1|2024-04-27 00:02:46
91884000|0.0339|1|2024-04-27 00:02:46
91885000|0.0378|1|2024-04-27 00:02:46
91889000|0.0421|1|2024-04-27 00:02:46
91881000|0.0001|1|2024-04-27 00:02:51
91882000|0.1141|1|2024-04-27 00:02:51
91884000|0.0339|1|2024-04-27 00:02:51
91885000|0.0378|1|2024-04-27 00:02:51
91889000|0.0421|1|2024-04-27 00:02:51
91881000|0.1071|1|2024-04-27 00:02:56
91882000|0.0032|1|2024-04-27 00:02:56
91884000|0.0339|1|2024-04-27 00:02:56
91885000|0.0378|1|2024-04-27 00:02:56
91889000|0.0421|1|2024-04-27 00:02:56
91880000|0.1075|1|2024-04-27 00:03:01
91884000|0.0371|1|2024-04-27 00:03:01
91887000|0.0378|1|2024-04-27 00:03:01
91890000|0.0002|1|2024-04-27 00:03:01
91891000|0.0421|1|2024-04-27 00:03:01
91880000|0.0002|1|2024-04-27 00:03:06
91884000|0.1119|1|2024-04-27 00:03:06
91887000|0.0339|1|2024-04-27 00:03:06
91889000|0.0378|1|2024-04-27 00:03:06
91890000|0.0002|1|2024-04-27 00:03:06
91884000|0.058|1|2024-04-27 00:03:11
91887000|0.0339|1|2024-04-27 00:03:11
91889000|0.0378|1|2024-04-27 00:03:11
91890000|0.0002|1|2024-04-27 00:03:11
91891000|0.0421|1|2024-04-27 00:03:11
91884000|0.058|1|2024-04-27 00:03:16
91887000|0.0339|1|2024-04-27 00:03:16
91889000|0.0378|1|2024-04-27 00:03:16
91890000|0.0002|1|2024-04-27 00:03:16
91891000|0.0421|1|2024-04-27 00:03:16
91884000|0.0519|1|2024-04-27 00:03:21
91887000|0.0339|1|2024-04-27 00:03:21
91889000|0.0378|1|2024-04-27 00:03:21
91890000|0.0002|1|2024-04-27 00:03:21
91891000|0.0421|1|2024-04-27 00:03:21
91884000|0.2754|1|2024-04-27 00:03:27
91887000|0.0339|1|2024-04-27 00:03:27
91889000|0.0378|1|2024-04-27 00:03:27
91890000|0.0002|1|2024-04-27 00:03:27
91891000|0.0421|1|2024-04-27 00:03:27
91884000|0.2668|1|2024-04-27 00:03:32
91887000|0.0143|1|2024-04-27 00:03:32
91890000|0.0002|1|2024-04-27 00:03:32
91895000|0.0001|1|2024-04-27 00:03:32
91899000|0.0002|1|2024-04-27 00:03:32
91884000|0.2235|1|2024-04-27 00:03:37
91889000|0.123|1|2024-04-27 00:03:37
91890000|0.0002|1|2024-04-27 00:03:37
91897000|0.0165|1|2024-04-27 00:03:37
91899000|0.0002|1|2024-04-27 00:03:37
91879000|0.0144|1|2024-04-27 00:03:42
91884000|0.169|1|2024-04-27 00:03:42
91887000|0.0168|1|2024-04-27 00:03:42
91890000|0.0002|1|2024-04-27 00:03:42
91892000|0.0339|1|2024-04-27 00:03:42
91878000|0.0001|1|2024-04-27 00:03:47
91879000|0.0143|1|2024-04-27 00:03:47
91883000|0.1087|1|2024-04-27 00:03:47
91884000|0.169|1|2024-04-27 00:03:47
91887000|0.0168|1|2024-04-27 00:03:47
91878000|0.1087|1|2024-04-27 00:03:52
91879000|0.0013|1|2024-04-27 00:03:52
91884000|0.169|1|2024-04-27 00:03:52
91887000|0.0168|1|2024-04-27 00:03:52
91890000|0.0002|1|2024-04-27 00:03:52
91878000|0.1087|1|2024-04-27 00:03:57
91879000|0.0013|1|2024-04-27 00:03:57
91884000|0.169|1|2024-04-27 00:03:57
91887000|0.0168|1|2024-04-27 00:03:57
91890000|0.0002|1|2024-04-27 00:03:57
91879000|0.0013|1|2024-04-27 00:04:02
91884000|0.169|1|2024-04-27 00:04:02
91887000|0.0168|1|2024-04-27 00:04:02
91890000|0.0002|1|2024-04-27 00:04:02
91892000|0.0339|1|2024-04-27 00:04:02
91884000|0.169|1|2024-04-27 00:04:08
91888000|0.0014|1|2024-04-27 00:04:08
91889000|0.1087|1|2024-04-27 00:04:08
91890000|0.0002|1|2024-04-27 00:04:08
91896000|0.0168|1|2024-04-27 00:04:08
91884000|0.1596|1|2024-04-27 00:04:13
91890000|0.0002|1|2024-04-27 00:04:13
91893000|0.0002|1|2024-04-27 00:04:13
91896000|0.015|1|2024-04-27 00:04:13
91897000|0.1087|1|2024-04-27 00:04:13
91884000|0.1597|1|2024-04-27 00:04:18
91890000|0.0002|1|2024-04-27 00:04:18
91896000|0.0135|1|2024-04-27 00:04:18
91899000|0.0002|1|2024-04-27 00:04:18
91903000|0.0001|1|2024-04-27 00:04:18
91884000|0.1597|1|2024-04-27 00:04:23
91890000|0.0002|1|2024-04-27 00:04:23
91895000|0.0002|1|2024-04-27 00:04:23
91898000|0.015|1|2024-04-27 00:04:23
91899000|0.0002|1|2024-04-27 00:04:23
91884000|0.1597|1|2024-04-27 00:04:28
91890000|0.0002|1|2024-04-27 00:04:28
91895000|0.0002|1|2024-04-27 00:04:28
91898000|0.0177|1|2024-04-27 00:04:28
91899000|0.0002|1|2024-04-27 00:04:28
91884000|0.1586|1|2024-04-27 00:04:33
91890000|0.0002|1|2024-04-27 00:04:33
91895000|0.0002|1|2024-04-27 00:04:33
91898000|0.0184|1|2024-04-27 00:04:33
91899000|0.0002|1|2024-04-27 00:04:33
91884000|0.1586|1|2024-04-27 00:04:38
91890000|0.0002|1|2024-04-27 00:04:38
91895000|0.0002|1|2024-04-27 00:04:38
91898000|0.0184|1|2024-04-27 00:04:38
91899000|0.0002|1|2024-04-27 00:04:38
91884000|0.1586|1|2024-04-27 00:04:43
91890000|0.0002|1|2024-04-27 00:04:43
91895000|0.0002|1|2024-04-27 00:04:43
91898000|0.0184|1|2024-04-27 00:04:43
91899000|0.0002|1|2024-04-27 00:04:43
91883000|0.0009|1|2024-04-27 00:04:49
91884000|0.1577|1|2024-04-27 00:04:49
91890000|0.0002|1|2024-04-27 00:04:49
91895000|0.0002|1|2024-04-27 00:04:49
91898000|0.0184|1|2024-04-27 00:04:49
91883000|0.001|1|2024-04-27 00:04:54
91884000|0.1576|1|2024-04-27 00:04:54
91890000|0.0002|1|2024-04-27 00:04:54
91895000|0.0002|1|2024-04-27 00:04:54
91898000|0.0184|1|2024-04-27 00:04:54
91883000|0.001|1|2024-04-27 00:04:59
91884000|0.1576|1|2024-04-27 00:04:59
91890000|0.0002|1|2024-04-27 00:04:59
91895000|0.0002|1|2024-04-27 00:04:59
91898000|0.0184|1|2024-04-27 00:04:59
91884000|0.1545|1|2024-04-27 00:05:04
91890000|0.0002|1|2024-04-27 00:05:04
91895000|0.0002|1|2024-04-27 00:05:04
91898000|0.0184|1|2024-04-27 00:05:04
91899000|0.0002|1|2024-04-27 00:05:04
91884000|0.1504|1|2024-04-27 00:05:09
91890000|0.0002|1|2024-04-27 00:05:09
91897000|0.0002|1|2024-04-27 00:05:09
91898000|0.0184|1|2024-04-27 00:05:09
91899000|0.0002|1|2024-04-27 00:05:09
91884000|0.15|1|2024-04-27 00:05:14
91890000|0.0002|1|2024-04-27 00:05:14
91897000|0.0002|1|2024-04-27 00:05:14
91898000|0.0286|1|2024-04-27 00:05:14
91899000|0.0002|1|2024-04-27 00:05:14
91884000|0.1275|1|2024-04-27 00:05:19
91890000|0.0002|1|2024-04-27 00:05:19
91897000|0.0002|1|2024-04-27 00:05:19
91898000|0.0286|1|2024-04-27 00:05:19
91899000|0.0002|1|2024-04-27 00:05:19
91884000|0.1097|1|2024-04-27 00:05:24
91890000|0.0002|1|2024-04-27 00:05:24
91897000|0.0002|1|2024-04-27 00:05:24
91898000|0.0286|1|2024-04-27 00:05:24
91899000|0.0002|1|2024-04-27 00:05:24
91884000|0.1096|1|2024-04-27 00:05:30
91890000|0.0002|1|2024-04-27 00:05:30
91897000|0.0002|1|2024-04-27 00:05:30
91898000|0.0286|1|2024-04-27 00:05:30
91899000|0.0002|1|2024-04-27 00:05:30
91884000|0.1048|1|2024-04-27 00:05:35
91890000|0.0002|1|2024-04-27 00:05:35
91897000|0.0002|1|2024-04-27 00:05:35
91898000|0.0323|1|2024-04-27 00:05:35
91899000|0.0002|1|2024-04-27 00:05:35
91873000|0.0125|1|2024-04-27 00:05:40
91875000|0.0285|1|2024-04-27 00:05:40
91876000|0.0132|1|2024-04-27 00:05:40
91881000|0.0389|1|2024-04-27 00:05:40
91882000|0.0001|1|2024-04-27 00:05:40
91873000|0.0125|1|2024-04-27 00:05:45
91875000|0.0285|1|2024-04-27 00:05:45
91876000|0.0132|1|2024-04-27 00:05:45
91881000|0.0389|1|2024-04-27 00:05:45
91882000|0.0001|1|2024-04-27 00:05:45
91870000|0.0074|1|2024-04-27 00:05:50
91872000|0.0285|1|2024-04-27 00:05:50
91873000|0.0132|1|2024-04-27 00:05:50
91878000|0.0389|1|2024-04-27 00:05:50
91879000|0.0001|1|2024-04-27 00:05:50
91870000|0.0074|1|2024-04-27 00:05:55
91872000|0.0285|1|2024-04-27 00:05:55
91873000|0.0132|1|2024-04-27 00:05:55
91878000|0.0389|1|2024-04-27 00:05:55
91879000|0.0006|1|2024-04-27 00:05:55
91870000|0.0031|1|2024-04-27 00:06:00
91872000|0.0285|1|2024-04-27 00:06:00
91873000|0.0132|1|2024-04-27 00:06:00
91878000|0.0389|1|2024-04-27 00:06:00
91879000|0.0001|1|2024-04-27 00:06:00
91870000|0.0003|1|2024-04-27 00:06:06
91872000|0.0285|1|2024-04-27 00:06:06
91873000|0.0132|1|2024-04-27 00:06:06
91878000|0.0394|1|2024-04-27 00:06:06
91879000|0.0001|1|2024-04-27 00:06:06
91870000|0.0265|1|2024-04-27 00:06:11
91872000|0.0285|1|2024-04-27 00:06:11
91873000|0.0132|1|2024-04-27 00:06:11
91878000|0.0389|1|2024-04-27 00:06:11
91879000|0.0001|1|2024-04-27 00:06:11
91843000|0.0033|1|2024-04-27 00:06:16
91870000|0.0263|1|2024-04-27 00:06:16
91872000|0.0285|1|2024-04-27 00:06:16
91873000|0.0194|1|2024-04-27 00:06:16
91878000|0.0389|1|2024-04-27 00:06:16
91870000|0.0259|1|2024-04-27 00:06:21
91872000|0.0285|1|2024-04-27 00:06:21
91873000|0.0132|1|2024-04-27 00:06:21
91874000|0.0285|1|2024-04-27 00:06:21
91878000|0.0389|1|2024-04-27 00:06:21
91870000|0.0182|1|2024-04-27 00:06:26
91872000|0.0285|1|2024-04-27 00:06:26
91873000|0.0132|1|2024-04-27 00:06:26
91874000|0.0285|1|2024-04-27 00:06:26
91878000|0.0389|1|2024-04-27 00:06:26
91870000|0.0182|1|2024-04-27 00:06:31
91872000|0.0285|1|2024-04-27 00:06:31
91873000|0.0132|1|2024-04-27 00:06:31
91874000|0.0285|1|2024-04-27 00:06:31
91878000|0.0389|1|2024-04-27 00:06:31
91870000|0.0173|1|2024-04-27 00:06:36
91872000|0.0285|1|2024-04-27 00:06:36
91873000|0.0132|1|2024-04-27 00:06:36
91874000|0.0285|1|2024-04-27 00:06:36
91878000|0.0389|1|2024-04-27 00:06:36
91852000|0.0132|1|2024-04-27 00:06:42
91853000|0.0265|1|2024-04-27 00:06:42
91854000|0.0002|1|2024-04-27 00:06:42
91858000|0.0394|1|2024-04-27 00:06:42
91860000|0.0001|1|2024-04-27 00:06:42
91850000|0.0394|1|2024-04-27 00:06:47
91851000|0.0146|1|2024-04-27 00:06:47
91855000|0.0389|1|2024-04-27 00:06:47
91857000|0.0001|1|2024-04-27 00:06:47
91858000|0.0001|1|2024-04-27 00:06:47
91850000|0.0357|1|2024-04-27 00:06:52
91851000|0.0146|1|2024-04-27 00:06:52
91855000|0.0394|1|2024-04-27 00:06:52
91857000|0.0001|1|2024-04-27 00:06:52
91858000|0.0001|1|2024-04-27 00:06:52
91843000|0.0069|1|2024-04-27 00:06:57
91849000|0.4322|1|2024-04-27 00:06:57
91850000|0.0124|1|2024-04-27 00:06:57
91851000|0.0146|1|2024-04-27 00:06:57
91855000|0.0389|1|2024-04-27 00:06:57
91843000|0.007|1|2024-04-27 00:07:02
91849000|0.328|1|2024-04-27 00:07:02
91850000|0.0124|1|2024-04-27 00:07:02
91851000|0.0146|1|2024-04-27 00:07:02
91855000|0.0394|1|2024-04-27 00:07:02
91843000|0.0014|1|2024-04-27 00:07:07
91848000|0.0002|1|2024-04-27 00:07:07
91849000|0.328|1|2024-04-27 00:07:07
91850000|0.0122|1|2024-04-27 00:07:07
91851000|0.0146|1|2024-04-27 00:07:07
91843000|0.0002|1|2024-04-27 00:07:12
91848000|0.0002|1|2024-04-27 00:07:12
91849000|0.328|1|2024-04-27 00:07:12
91850000|0.0122|1|2024-04-27 00:07:12
91851000|0.0146|1|2024-04-27 00:07:12
91852000|0.0014|1|2024-04-27 00:07:17
91855000|0.0389|1|2024-04-27 00:07:17
91858000|0.0001|1|2024-04-27 00:07:17
91859000|0.02|1|2024-04-27 00:07:17
91865000|0.0421|1|2024-04-27 00:07:17
91859000|0.0163|1|2024-04-27 00:07:23
91865000|0.0421|1|2024-04-27 00:07:23
91869000|0.0339|1|2024-04-27 00:07:23
91870000|0.011|1|2024-04-27 00:07:23
91871000|0.038|1|2024-04-27 00:07:23
91864000|0.0089|1|2024-04-27 00:07:28
91865000|0.0051|1|2024-04-27 00:07:28
91869000|0.0339|1|2024-04-27 00:07:28
91870000|0.011|1|2024-04-27 00:07:28
91871000|0.038|1|2024-04-27 00:07:28
91864000|0.0087|1|2024-04-27 00:07:33
91865000|0.0051|1|2024-04-27 00:07:33
91869000|0.0339|1|2024-04-27 00:07:33
91870000|0.011|1|2024-04-27 00:07:33
91871000|0.038|1|2024-04-27 00:07:33
91865000|0.0042|1|2024-04-27 00:07:38
91869000|0.0339|1|2024-04-27 00:07:38
91870000|0.011|1|2024-04-27 00:07:38
91871000|0.038|1|2024-04-27 00:07:38
91873000|0.0272|1|2024-04-27 00:07:38
91870000|0.0102|1|2024-04-27 00:07:43
91877000|0.0081|1|2024-04-27 00:07:43
91879000|0.0012|1|2024-04-27 00:07:43
91884000|0.1581|1|2024-04-27 00:07:43
91885000|0.038|1|2024-04-27 00:07:43
91884000|0.1238|1|2024-04-27 00:07:48
91886000|0.0002|1|2024-04-27 00:07:48
91890000|0.0002|1|2024-04-27 00:07:48
91897000|0.0143|1|2024-04-27 00:07:48
91899000|0.0002|1|2024-04-27 00:07:48
91884000|0.1166|1|2024-04-27 00:07:53
91886000|0.0002|1|2024-04-27 00:07:53
91890000|0.0002|1|2024-04-27 00:07:53
91897000|0.0012|1|2024-04-27 00:07:53
91899000|0.0002|1|2024-04-27 00:07:53
91884000|0.1148|1|2024-04-27 00:07:58
91886000|0.0002|1|2024-04-27 00:07:58
91890000|0.0002|1|2024-04-27 00:07:58
91891000|0.0081|1|2024-04-27 00:07:58
91897000|0.0012|1|2024-04-27 00:07:58
91884000|0.1057|1|2024-04-27 00:08:04
91886000|0.0002|1|2024-04-27 00:08:04
91890000|0.0002|1|2024-04-27 00:08:04
91891000|0.0081|1|2024-04-27 00:08:04
91897000|0.0012|1|2024-04-27 00:08:04
91884000|0.1033|1|2024-04-27 00:08:09
91886000|0.0002|1|2024-04-27 00:08:09
91890000|0.0002|1|2024-04-27 00:08:09
91899000|0.0002|1|2024-04-27 00:08:09
91905000|0.038|1|2024-04-27 00:08:09
91884000|0.0941|1|2024-04-27 00:08:14
91886000|0.0002|1|2024-04-27 00:08:14
91890000|0.0002|1|2024-04-27 00:08:14
91899000|0.0095|1|2024-04-27 00:08:14
91905000|0.0719|1|2024-04-27 00:08:14
91883000|0.0001|1|2024-04-27 00:08:19
91884000|0.044|1|2024-04-27 00:08:19
91886000|0.0002|1|2024-04-27 00:08:19
91890000|0.0002|1|2024-04-27 00:08:19
91896000|0.0012|1|2024-04-27 00:08:19
91883000|0.0001|1|2024-04-27 00:08:24
91884000|0.044|1|2024-04-27 00:08:24
91886000|0.0002|1|2024-04-27 00:08:24
91890000|0.0002|1|2024-04-27 00:08:24
91896000|0.0012|1|2024-04-27 00:08:24
91883000|0.0001|1|2024-04-27 00:08:29
91884000|0.044|1|2024-04-27 00:08:29
91886000|0.0002|1|2024-04-27 00:08:29
91890000|0.0002|1|2024-04-27 00:08:29
91896000|0.0012|1|2024-04-27 00:08:29
91884000|0.0409|1|2024-04-27 00:08:34
91886000|0.0002|1|2024-04-27 00:08:34
91890000|0.0002|1|2024-04-27 00:08:34
91896000|0.0012|1|2024-04-27 00:08:34
91899000|0.0083|1|2024-04-27 00:08:34
91884000|0.0517|1|2024-04-27 00:08:39
91886000|0.0002|1|2024-04-27 00:08:39
91890000|0.0002|1|2024-04-27 00:08:39
91896000|0.0012|1|2024-04-27 00:08:39
91899000|0.0083|1|2024-04-27 00:08:39
91884000|0.0447|1|2024-04-27 00:08:45
91886000|0.0002|1|2024-04-27 00:08:45
91890000|0.0002|1|2024-04-27 00:08:45
91896000|0.0012|1|2024-04-27 00:08:45
91899000|0.0083|1|2024-04-27 00:08:45
91884000|0.0412|1|2024-04-27 00:08:50
91886000|0.0002|1|2024-04-27 00:08:50
91890000|0.0002|1|2024-04-27 00:08:50
91896000|0.0012|1|2024-04-27 00:08:50
91899000|0.0083|1|2024-04-27 00:08:50
91884000|0.0412|1|2024-04-27 00:08:55
91886000|0.0002|1|2024-04-27 00:08:55
91890000|0.0002|1|2024-04-27 00:08:55
91896000|0.0012|1|2024-04-27 00:08:55
91899000|0.0083|1|2024-04-27 00:08:55
91884000|0.0406|1|2024-04-27 00:09:00
91886000|0.0002|1|2024-04-27 00:09:00
91890000|0.0002|1|2024-04-27 00:09:00
91896000|0.0012|1|2024-04-27 00:09:00
91899000|0.0083|1|2024-04-27 00:09:00
91884000|0.0346|1|2024-04-27 00:09:05
91886000|0.0002|1|2024-04-27 00:09:05
91890000|0.0002|1|2024-04-27 00:09:05
91896000|0.0012|1|2024-04-27 00:09:05
91899000|0.0083|1|2024-04-27 00:09:05
91884000|0.0274|1|2024-04-27 00:09:10
91886000|0.0002|1|2024-04-27 00:09:10
91890000|0.0002|1|2024-04-27 00:09:10
91898000|0.0012|1|2024-04-27 00:09:10
91899000|0.0002|1|2024-04-27 00:09:10
91875000|0.0001|1|2024-04-27 00:09:15
91884000|0.0273|1|2024-04-27 00:09:15
91886000|0.0002|1|2024-04-27 00:09:15
91890000|0.0002|1|2024-04-27 00:09:15
91898000|0.0012|1|2024-04-27 00:09:15
91884000|0.0273|1|2024-04-27 00:09:20
91886000|0.0002|1|2024-04-27 00:09:20
91890000|0.0002|1|2024-04-27 00:09:20
91898000|0.0012|1|2024-04-27 00:09:20
91899000|0.0002|1|2024-04-27 00:09:20
91875000|0.0009|1|2024-04-27 00:09:26
91884000|0.0273|1|2024-04-27 00:09:26
91886000|0.0002|1|2024-04-27 00:09:26
91890000|0.0002|1|2024-04-27 00:09:26
91898000|0.0012|1|2024-04-27 00:09:26
91875000|0.0009|1|2024-04-27 00:09:31
91884000|0.0273|1|2024-04-27 00:09:31
91886000|0.0002|1|2024-04-27 00:09:31
91890000|0.0002|1|2024-04-27 00:09:31
91899000|0.0002|1|2024-04-27 00:09:31
91875000|0.0009|1|2024-04-27 00:09:36
91884000|0.0273|1|2024-04-27 00:09:36
91886000|0.0002|1|2024-04-27 00:09:36
91890000|0.0002|1|2024-04-27 00:09:36
91899000|0.0002|1|2024-04-27 00:09:36
91884000|0.024|1|2024-04-27 00:09:41
91886000|0.0002|1|2024-04-27 00:09:41
91890000|0.0002|1|2024-04-27 00:09:41
91899000|0.0002|1|2024-04-27 00:09:41
91910000|0.0012|1|2024-04-27 00:09:41
91884000|0.024|1|2024-04-27 00:09:46
91886000|0.0002|1|2024-04-27 00:09:46
91890000|0.0002|1|2024-04-27 00:09:46
91899000|0.0002|1|2024-04-27 00:09:46
91910000|0.0012|1|2024-04-27 00:09:46
91884000|0.024|1|2024-04-27 00:09:51
91886000|0.0002|1|2024-04-27 00:09:51
91890000|0.0002|1|2024-04-27 00:09:51
91899000|0.0002|1|2024-04-27 00:09:51
91910000|0.0012|1|2024-04-27 00:09:51
91884000|0.024|1|2024-04-27 00:09:56
91886000|0.0002|1|2024-04-27 00:09:56
91890000|0.0002|1|2024-04-27 00:09:56
91899000|0.0002|1|2024-04-27 00:09:56
91910000|0.0012|1|2024-04-27 00:09:56
91884000|0.0239|1|2024-04-27 00:10:01
91886000|0.0002|1|2024-04-27 00:10:01
91890000|0.0002|1|2024-04-27 00:10:01
91899000|0.0002|1|2024-04-27 00:10:01
91910000|0.0012|1|2024-04-27 00:10:01
91884000|0.0203|1|2024-04-27 00:10:07
91886000|0.0002|1|2024-04-27 00:10:07
91890000|0.0002|1|2024-04-27 00:10:07
91899000|0.0002|1|2024-04-27 00:10:07
91908000|0.0012|1|2024-04-27 00:10:07
91884000|0.0203|1|2024-04-27 00:10:12
91886000|0.0002|1|2024-04-27 00:10:12
91890000|0.0002|1|2024-04-27 00:10:12
91899000|0.0002|1|2024-04-27 00:10:12
91908000|0.0012|1|2024-04-27 00:10:12
91884000|0.0014|1|2024-04-27 00:10:17
91886000|0.0002|1|2024-04-27 00:10:17
91890000|0.0002|1|2024-04-27 00:10:17
91899000|0.0002|1|2024-04-27 00:10:17
91908000|0.0012|1|2024-04-27 00:10:17
91884000|0.0014|1|2024-04-27 00:10:22
91886000|0.0002|1|2024-04-27 00:10:22
91890000|0.0002|1|2024-04-27 00:10:22
91899000|0.0002|1|2024-04-27 00:10:22
91908000|0.0012|1|2024-04-27 00:10:22
91886000|0.0002|1|2024-04-27 00:10:27
91890000|0.0002|1|2024-04-27 00:10:27
91899000|0.0002|1|2024-04-27 00:10:27
91908000|0.0012|1|2024-04-27 00:10:27
91914000|0.0011|1|2024-04-27 00:10:27
91915000|0.0133|1|2024-04-27 00:10:32
91918000|0.0652|1|2024-04-27 00:10:32
91920000|0.0002|1|2024-04-27 00:10:32
91925000|0.0239|1|2024-04-27 00:10:32
91938000|0.0002|1|2024-04-27 00:10:32
91906000|0.004|1|2024-04-27 00:10:37
91907000|0.0272|1|2024-04-27 00:10:37
91920000|0.0002|1|2024-04-27 00:10:37
91935000|0.0968|1|2024-04-27 00:10:37
91936000|0.1087|1|2024-04-27 00:10:37
91906000|0.004|1|2024-04-27 00:10:43
91907000|0.0272|1|2024-04-27 00:10:43
91910000|0.0066|1|2024-04-27 00:10:43
91920000|0.0002|1|2024-04-27 00:10:43
91938000|0.0002|1|2024-04-27 00:10:43
91906000|0.004|1|2024-04-27 00:10:48
91907000|0.0272|1|2024-04-27 00:10:48
91910000|0.0066|1|2024-04-27 00:10:48
91915000|0.0076|1|2024-04-27 00:10:48
91920000|0.0002|1|2024-04-27 00:10:48
91906000|0.0033|1|2024-04-27 00:10:53
91907000|0.0272|1|2024-04-27 00:10:53
91910000|0.0066|1|2024-04-27 00:10:53
91915000|0.0076|1|2024-04-27 00:10:53
91920000|0.0002|1|2024-04-27 00:10:53
91906000|0.0026|1|2024-04-27 00:10:58
91907000|0.0272|1|2024-04-27 00:10:58
91911000|0.0066|1|2024-04-27 00:10:58
91915000|0.0076|1|2024-04-27 00:10:58
91920000|0.0002|1|2024-04-27 00:10:58
91906000|0.002|1|2024-04-27 00:11:03
91907000|0.0272|1|2024-04-27 00:11:03
91915000|0.0076|1|2024-04-27 00:11:03
91920000|0.0002|1|2024-04-27 00:11:03
91938000|0.0002|1|2024-04-27 00:11:03
91906000|0.002|1|2024-04-27 00:11:08
91910000|0.0272|1|2024-04-27 00:11:08
91912000|0.0066|1|2024-04-27 00:11:08
91915000|0.0076|1|2024-04-27 00:11:08
91920000|0.0002|1|2024-04-27 00:11:08
91906000|0.0018|1|2024-04-27 00:11:13
91910000|0.0272|1|2024-04-27 00:11:13
91912000|0.0066|1|2024-04-27 00:11:13
91920000|0.0002|1|2024-04-27 00:11:13
91926000|0.1087|1|2024-04-27 00:11:13
91906000|0.0089|1|2024-04-27 00:11:19
91910000|0.0272|1|2024-04-27 00:11:19
91912000|0.0066|1|2024-04-27 00:11:19
91920000|0.0002|1|2024-04-27 00:11:19
91938000|0.0002|1|2024-04-27 00:11:19
91910000|0.0272|1|2024-04-27 00:11:24
91918000|0.0066|1|2024-04-27 00:11:24
91920000|0.0002|1|2024-04-27 00:11:24
91937000|0.1087|1|2024-04-27 00:11:24
91938000|0.0002|1|2024-04-27 00:11:24
91910000|0.0272|1|2024-04-27 00:11:29
91918000|0.0066|1|2024-04-27 00:11:29
91920000|0.0002|1|2024-04-27 00:11:29
91937000|0.1087|1|2024-04-27 00:11:29
91938000|0.0002|1|2024-04-27 00:11:29
91910000|0.021|1|2024-04-27 00:11:34
91918000|0.0066|1|2024-04-27 00:11:34
91920000|0.0002|1|2024-04-27 00:11:34
91936000|0.0968|1|2024-04-27 00:11:34
91937000|0.1087|1|2024-04-27 00:11:34
91918000|0.0066|1|2024-04-27 00:11:39
91920000|0.0002|1|2024-04-27 00:11:39
91938000|0.0002|1|2024-04-27 00:11:39
91942000|0.0967|1|2024-04-27 00:11:39
91943000|0.1087|1|2024-04-27 00:11:39
91937000|0.0975|1|2024-04-27 00:11:44
91938000|0.1153|1|2024-04-27 00:11:44
91961000|0.901|1|2024-04-27 00:11:44
91964000|0.057|1|2024-04-27 00:11:44
91966000|0.0002|1|2024-04-27 00:11:44
91933000|0.0975|1|2024-04-27 00:11:49
91934000|0.1087|1|2024-04-27 00:11:49
91938000|0.0068|1|2024-04-27 00:11:49
91961000|0.901|1|2024-04-27 00:11:49
91964000|0.057|1|2024-04-27 00:11:49
91937000|0.1087|1|2024-04-27 00:11:54
91938000|0.0068|1|2024-04-27 00:11:54
91961000|0.001|1|2024-04-27 00:11:54
91963000|0.0975|1|2024-04-27 00:11:54
91964000|0.057|1|2024-04-27 00:11:54
91934000|0.0975|1|2024-04-27 00:12:00
91935000|0.1087|1|2024-04-27 00:12:00
91938000|0.0075|1|2024-04-27 00:12:00
91961000|0.001|1|2024-04-27 00:12:00
91964000|0.057|1|2024-04-27 00:12:00
91938000|0.0075|1|2024-04-27 00:12:05
91961000|0.001|1|2024-04-27 00:12:05
91963000|0.0975|1|2024-04-27 00:12:05
91964000|0.057|1|2024-04-27 00:12:05
91966000|0.0002|1|2024-04-27 00:12:05
91935000|0.1087|1|2024-04-27 00:12:10
91938000|0.0075|1|2024-04-27 00:12:10
91961000|0.001|1|2024-04-27 00:12:10
91963000|0.0981|1|2024-04-27 00:12:10
91964000|0.057|1|2024-04-27 00:12:10
91935000|0.0981|1|2024-04-27 00:12:15
91936000|0.1087|1|2024-04-27 00:12:15
91937000|0.0007|1|2024-04-27 00:12:15
91938000|0.0075|1|2024-04-27 00:12:15
91961000|0.001|1|2024-04-27 00:12:15
91938000|0.0049|1|2024-04-27 00:12:20
91939000|0.0981|1|2024-04-27 00:12:20
91940000|0.1087|1|2024-04-27 00:12:20
91961000|0.001|1|2024-04-27 00:12:20
91964000|0.057|1|2024-04-27 00:12:20
91938000|0.0049|1|2024-04-27 00:12:25
91961000|0.001|1|2024-04-27 00:12:25
91963000|0.0981|1|2024-04-27 00:12:25
91964000|0.057|1|2024-04-27 00:12:25
91966000|0.0002|1|2024-04-27 00:12:25
91934000|0.0981|1|2024-04-27 00:12:30
91935000|0.1087|1|2024-04-27 00:12:30
91938000|0.0049|1|2024-04-27 00:12:30
91961000|0.001|1|2024-04-27 00:12:30
91964000|0.057|1|2024-04-27 00:12:30
91931000|0.1079|1|2024-04-27 00:12:35
91938000|0.0049|1|2024-04-27 00:12:35
91961000|0.001|1|2024-04-27 00:12:35
91963000|0.0981|1|2024-04-27 00:12:35
91964000|0.057|1|2024-04-27 00:12:35
91931000|0.1079|1|2024-04-27 00:12:40
91938000|0.0049|1|2024-04-27 00:12:40
91961000|0.001|1|2024-04-27 00:12:40
91963000|0.0981|1|2024-04-27 00:12:40
91964000|0.057|1|2024-04-27 00:12:40
91931000|0.1079|1|2024-04-27 00:12:46
91938000|0.0049|1|2024-04-27 00:12:46
91961000|0.001|1|2024-04-27 00:12:46
91963000|0.0981|1|2024-04-27 00:12:46
91964000|0.057|1|2024-04-27 00:12:46
91931000|0.1075|1|2024-04-27 00:12:51
91938000|0.0049|1|2024-04-27 00:12:51
91961000|0.001|1|2024-04-27 00:12:51
91963000|0.0981|1|2024-04-27 00:12:51
91964000|0.057|1|2024-04-27 00:12:51
91931000|0.1067|1|2024-04-27 00:12:56
91938000|0.0049|1|2024-04-27 00:12:56
91961000|0.001|1|2024-04-27 00:12:56
91963000|0.0981|1|2024-04-27 00:12:56
91964000|0.057|1|2024-04-27 00:12:56
91931000|0.1067|1|2024-04-27 00:13:01
91938000|0.0049|1|2024-04-27 00:13:01
91944000|0.0981|1|2024-04-27 00:13:01
91945000|0.05|1|2024-04-27 00:13:01
91961000|0.001|1|2024-04-27 00:13:01
91931000|0.1067|1|2024-04-27 00:13:06
91938000|0.0049|1|2024-04-27 00:13:06
91944000|0.0981|1|2024-04-27 00:13:06
91945000|0.05|1|2024-04-27 00:13:06
91961000|0.001|1|2024-04-27 00:13:06
91929000|0.1087|1|2024-04-27 00:13:11
91938000|0.0049|1|2024-04-27 00:13:11
91944000|0.0981|1|2024-04-27 00:13:11
91945000|0.05|1|2024-04-27 00:13:11
91961000|0.001|1|2024-04-27 00:13:11
91928000|0.0981|1|2024-04-27 00:13:16
91938000|0.0049|1|2024-04-27 00:13:16
91945000|0.05|1|2024-04-27 00:13:16
91961000|0.001|1|2024-04-27 00:13:16
91964000|0.057|1|2024-04-27 00:13:16
91938000|0.0009|1|2024-04-27 00:13:21
91944000|0.0981|1|2024-04-27 00:13:21
91945000|0.05|1|2024-04-27 00:13:21
91961000|0.001|1|2024-04-27 00:13:21
91966000|0.0002|1|2024-04-27 00:13:21
91938000|0.0005|1|2024-04-27 00:13:27
91945000|0.05|1|2024-04-27 00:13:27
91961000|0.001|1|2024-04-27 00:13:27
91966000|0.1089|1|2024-04-27 00:13:27
91977000|0.05|1|2024-04-27 00:13:27
91938000|0.0005|1|2024-04-27 00:13:32
91945000|0.05|1|2024-04-27 00:13:32
91961000|0.1097|1|2024-04-27 00:13:32
91966000|0.0002|1|2024-04-27 00:13:32
91970000|0.0157|1|2024-04-27 00:13:32
91938000|0.0005|1|2024-04-27 00:13:37
91945000|0.05|1|2024-04-27 00:13:37
91961000|0.001|1|2024-04-27 00:13:37
91966000|0.0002|1|2024-04-27 00:13:37
91970000|0.0157|1|2024-04-27 00:13:37
91945000|0.0449|1|2024-04-27 00:13:42
91961000|0.001|1|2024-04-27 00:13:42
91966000|0.0002|1|2024-04-27 00:13:42
91971000|0.1087|1|2024-04-27 00:13:42
91975000|0.0001|1|2024-04-27 00:13:42
91961000|0.001|1|2024-04-27 00:13:47
91966000|0.0002|1|2024-04-27 00:13:47
91980000|0.0002|1|2024-04-27 00:13:47
91984000|0.0001|1|2024-04-27 00:13:47
91985000|0.0002|1|2024-04-27 00:13:47
91961000|0.001|1|2024-04-27 00:13:52
91966000|0.0002|1|2024-04-27 00:13:52
91980000|0.0002|1|2024-04-27 00:13:52
91985000|0.0002|1|2024-04-27 00:13:52
91986000|0.0005|1|2024-04-27 00:13:52
91980000|0.0002|1|2024-04-27 00:13:57
91984000|0.0001|1|2024-04-27 00:13:57
91985000|0.0002|1|2024-04-27 00:13:57
91986000|0.0005|1|2024-04-27 00:13:57
91995000|0.0001|1|2024-04-27 00:13:57
91980000|0.0002|1|2024-04-27 00:14:03
91985000|0.0002|1|2024-04-27 00:14:03
91986000|0.0005|1|2024-04-27 00:14:03
91995000|0.0001|1|2024-04-27 00:14:03
91996000|0.0015|1|2024-04-27 00:14:03
91977000|0.0002|1|2024-04-27 00:14:08
91980000|0.0002|1|2024-04-27 00:14:08
91985000|0.0002|1|2024-04-27 00:14:08
91986000|0.0005|1|2024-04-27 00:14:08
91994000|0.0001|1|2024-04-27 00:14:08
91980000|0.0002|1|2024-04-27 00:14:13
91985000|0.0002|1|2024-04-27 00:14:13
91986000|0.0005|1|2024-04-27 00:14:13
91995000|0.0001|1|2024-04-27 00:14:13
91996000|0.0015|1|2024-04-27 00:14:13
92000000|0.3033|1|2024-04-27 00:14:18
92011000|0.0001|1|2024-04-27 00:14:18
92012000|0.0065|1|2024-04-27 00:14:18
92017000|0.0002|1|2024-04-27 00:14:18
92027000|0.1086|1|2024-04-27 00:14:18
91999000|0.0777|1|2024-04-27 00:14:23
92000000|0.3033|1|2024-04-27 00:14:23
92012000|0.0065|1|2024-04-27 00:14:23
92017000|0.0002|1|2024-04-27 00:14:23
92023000|0.0001|1|2024-04-27 00:14:23
91999000|0.0778|1|2024-04-27 00:14:28
92000000|0.3033|1|2024-04-27 00:14:28
92012000|0.0065|1|2024-04-27 00:14:28
92017000|0.0002|1|2024-04-27 00:14:28
92033000|0.001|1|2024-04-27 00:14:28
91999000|0.0778|1|2024-04-27 00:14:33
92000000|0.3035|1|2024-04-27 00:14:33
92012000|0.0065|1|2024-04-27 00:14:33
92017000|0.0002|1|2024-04-27 00:14:33
92023000|0.0001|1|2024-04-27 00:14:33
91999000|0.0778|1|2024-04-27 00:14:38
92000000|0.3035|1|2024-04-27 00:14:38
92012000|0.0065|1|2024-04-27 00:14:38
92017000|0.0002|1|2024-04-27 00:14:38
92022000|0.0001|1|2024-04-27 00:14:38
91999000|0.074|1|2024-04-27 00:14:43
92000000|0.3035|1|2024-04-27 00:14:43
92012000|0.0065|1|2024-04-27 00:14:43
92017000|0.0002|1|2024-04-27 00:14:43
92022000|0.0001|1|2024-04-27 00:14:43
91999000|0.074|1|2024-04-27 00:14:49
92000000|0.3035|1|2024-04-27 00:14:49
92012000|0.0065|1|2024-04-27 00:14:49
92017000|0.0002|1|2024-04-27 00:14:49
92024000|0.0001|1|2024-04-27 00:14:49
92017000|0.0002|1|2024-04-27 00:14:54
92033000|0.001|1|2024-04-27 00:14:54
92040000|0.0102|1|2024-04-27 00:14:54
92050000|0.0108|1|2024-04-27 00:14:54
92056000|0.0109|1|2024-04-27 00:14:54
92031000|0.0001|1|2024-04-27 00:14:59
92033000|0.001|1|2024-04-27 00:14:59
92040000|0.0102|1|2024-04-27 00:14:59
92050000|0.0109|1|2024-04-27 00:14:59
92056000|0.0109|1|2024-04-27 00:14:59
92033000|0.001|1|2024-04-27 00:15:04
92035000|0.0001|1|2024-04-27 00:15:04
92040000|0.0102|1|2024-04-27 00:15:04
92041000|0.1085|1|2024-04-27 00:15:04
92050000|0.0108|1|2024-04-27 00:15:04
92014000|0.0001|1|2024-04-27 00:15:09
92033000|0.001|1|2024-04-27 00:15:09
92035000|0.0001|1|2024-04-27 00:15:09
92040000|0.0102|1|2024-04-27 00:15:09
92050000|0.0108|1|2024-04-27 00:15:09
92014000|0.0001|1|2024-04-27 00:15:14
92033000|0.001|1|2024-04-27 00:15:14
92040000|0.0102|1|2024-04-27 00:15:14
92050000|0.0108|1|2024-04-27 00:15:14
92056000|0.0109|1|2024-04-27 00:15:14
92033000|0.0007|1|2024-04-27 00:15:19
92040000|0.0102|1|2024-04-27 00:15:19
92050000|0.0108|1|2024-04-27 00:15:19
92056000|0.0109|1|2024-04-27 00:15:19
92059000|0.001|1|2024-04-27 00:15:19
92033000|0.0804|1|2024-04-27 00:15:24
92040000|0.0102|1|2024-04-27 00:15:24
92050000|0.0108|1|2024-04-27 00:15:24
92056000|0.0109|1|2024-04-27 00:15:24
92059000|0.001|1|2024-04-27 00:15:24
92032000|0.0009|1|2024-04-27 00:15:30
92033000|0.0802|1|2024-04-27 00:15:30
92040000|0.0102|1|2024-04-27 00:15:30
92050000|0.0108|1|2024-04-27 00:15:30
92056000|0.0109|1|2024-04-27 00:15:30
92040000|0.0102|1|2024-04-27 00:15:35
92050000|0.0108|1|2024-04-27 00:15:35
92056000|0.0109|1|2024-04-27 00:15:35
92059000|0.001|1|2024-04-27 00:15:35
92069000|0.0001|1|2024-04-27 00:15:35
92040000|0.0069|1|2024-04-27 00:15:40
92050000|0.0844|1|2024-04-27 00:15:40
92056000|0.0109|1|2024-04-27 00:15:40
92059000|0.001|1|2024-04-27 00:15:40
92069000|0.0001|1|2024-04-27 00:15:40
92040000|0.0041|1|2024-04-27 00:15:45
92050000|0.0858|1|2024-04-27 00:15:45
92056000|0.0109|1|2024-04-27 00:15:45
92059000|0.001|1|2024-04-27 00:15:45
92069000|0.0001|1|2024-04-27 00:15:45
92040000|0.0034|1|2024-04-27 00:15:50
92050000|0.0858|1|2024-04-27 00:15:50
92056000|0.0109|1|2024-04-27 00:15:50
92059000|0.001|1|2024-04-27 00:15:50
92069000|0.0001|1|2024-04-27 00:15:50
92040000|0.0017|1|2024-04-27 00:15:56
92050000|0.0862|1|2024-04-27 00:15:56
92056000|0.0109|1|2024-04-27 00:15:56
92059000|0.001|1|2024-04-27 00:15:56
92069000|0.0001|1|2024-04-27 00:15:56
92040000|0.0014|1|2024-04-27 00:16:01
92050000|0.0862|1|2024-04-27 00:16:01
92056000|0.0109|1|2024-04-27 00:16:01
92059000|0.001|1|2024-04-27 00:16:01
92069000|0.0001|1|2024-04-27 00:16:01
92040000|0.0014|1|2024-04-27 00:16:06
92050000|0.0862|1|2024-04-27 00:16:06
92056000|0.0109|1|2024-04-27 00:16:06
92058000|0.328|1|2024-04-27 00:16:06
92059000|0.001|1|2024-04-27 00:16:06
92040000|0.0014|1|2024-04-27 00:16:11
92050000|0.0862|1|2024-04-27 00:16:11
92056000|0.0109|1|2024-04-27 00:16:11
92058000|0.328|1|2024-04-27 00:16:11
92059000|0.001|1|2024-04-27 00:16:11
92050000|0.0862|1|2024-04-27 00:16:16
92056000|0.0601|1|2024-04-27 00:16:16
92057000|0.0102|1|2024-04-27 00:16:16
92058000|0.3725|1|2024-04-27 00:16:16
92059000|0.0419|1|2024-04-27 00:16:16
92047000|0.3198|1|2024-04-27 00:16:21
92048000|0.0355|1|2024-04-27 00:16:21
92049000|0.0231|1|2024-04-27 00:16:21
92050000|0.2703|1|2024-04-27 00:16:21
92051000|0.1381|1|2024-04-27 00:16:21
92047000|0.3198|1|2024-04-27 00:16:26
92048000|0.0355|1|2024-04-27 00:16:26
92049000|0.0231|1|2024-04-27 00:16:26
92050000|0.1619|1|2024-04-27 00:16:26
92051000|0.1381|1|2024-04-27 00:16:26
92025000|0.2981|1|2024-04-27 00:16:31
92031000|0.0001|1|2024-04-27 00:16:31
92034000|0.0002|1|2024-04-27 00:16:31
92038000|0.1085|1|2024-04-27 00:16:31
92041000|0.0355|1|2024-04-27 00:16:31
92025000|0.2981|1|2024-04-27 00:16:37
92028000|0.0355|1|2024-04-27 00:16:37
92029000|0.0445|1|2024-04-27 00:16:37
92030000|0.0902|1|2024-04-27 00:16:37
92031000|0.1022|1|2024-04-27 00:16:37
92008000|0.0354|1|2024-04-27 00:16:42
92009000|0.0231|1|2024-04-27 00:16:42
92010000|0.0728|1|2024-04-27 00:16:42
92011000|0.469|1|2024-04-27 00:16:42
92012000|0.0742|1|2024-04-27 00:16:42
92008000|0.0357|1|2024-04-27 00:16:47
92009000|0.0231|1|2024-04-27 00:16:47
92010000|0.0728|1|2024-04-27 00:16:47
92011000|0.4692|1|2024-04-27 00:16:47
92012000|0.0742|1|2024-04-27 00:16:47
91993000|0.3117|1|2024-04-27 00:16:52
92007000|0.1085|1|2024-04-27 00:16:52
92008000|0.0354|1|2024-04-27 00:16:52
92009000|0.0231|1|2024-04-27 00:16:52
92010000|0.0728|1|2024-04-27 00:16:52
91993000|0.295|1|2024-04-27 00:16:57
92008000|0.0354|1|2024-04-27 00:16:57
92009000|0.0231|1|2024-04-27 00:16:57
92010000|0.0728|1|2024-04-27 00:16:57
92011000|0.1412|1|2024-04-27 00:16:57
91993000|0.0003|1|2024-04-27 00:17:02
92006000|0.328|1|2024-04-27 00:17:02
92007000|0.1085|1|2024-04-27 00:17:02
92008000|0.0354|1|2024-04-27 00:17:02
92009000|0.0231|1|2024-04-27 00:17:02
91993000|0.0003|1|2024-04-27 00:17:07
92006000|0.328|1|2024-04-27 00:17:07
92008000|0.0868|1|2024-04-27 00:17:07
92009000|0.132|1|2024-04-27 00:17:07
92010000|0.1441|1|2024-04-27 00:17:07
91993000|0.0001|1|2024-04-27 00:17:12
92006000|0.328|1|2024-04-27 00:17:12
92008000|0.0868|1|2024-04-27 00:17:12
92009000|0.132|1|2024-04-27 00:17:12
92010000|0.1441|1|2024-04-27 00:17:12
91993000|0.0001|1|2024-04-27 00:17:17
92006000|0.328|1|2024-04-27 00:17:17
92008000|0.0868|1|2024-04-27 00:17:17
92009000|0.2405|1|2024-04-27 00:17:17
92010000|0.0356|1|2024-04-27 00:17:17
91993000|0.0001|1|2024-04-27 00:17:23
92006000|0.328|1|2024-04-27 00:17:23
92008000|0.0868|1|2024-04-27 00:17:23
92009000|0.132|1|2024-04-27 00:17:23
92010000|0.0356|1|2024-04-27 00:17:23
91993000|0.0001|1|2024-04-27 00:17:28
91998000|0.0354|1|2024-04-27 00:17:28
91999000|0.059|1|2024-04-27 00:17:28
92000000|0.0698|1|2024-04-27 00:17:28
92001000|0.0321|1|2024-04-27 00:17:28
91980000|0.0715|1|2024-04-27 00:17:33
91988000|0.3278|1|2024-04-27 00:17:33
91998000|0.0354|1|2024-04-27 00:17:33
91999000|0.0745|1|2024-04-27 00:17:33
92000000|0.1445|1|2024-04-27 00:17:33
92002000|0.0001|1|2024-04-27 00:17:38
92003000|0.0372|1|2024-04-27 00:17:38
92005000|0.0975|1|2024-04-27 00:17:38
92006000|0.0417|1|2024-04-27 00:17:38
92007000|0.0293|1|2024-04-27 00:17:38
91959000|0.0062|1|2024-04-27 00:17:43
91960000|0.0002|1|2024-04-27 00:17:43
91962000|0.1034|1|2024-04-27 00:17:43
91963000|0.0102|1|2024-04-27 00:17:43
91964000|0.033|1|2024-04-27 00:17:43
91929000|0.0155|1|2024-04-27 00:17:48
91930000|0.0758|1|2024-04-27 00:17:48
91931000|0.0102|1|2024-04-27 00:17:48
91932000|0.0267|1|2024-04-27 00:17:48
91933000|0.0293|1|2024-04-27 00:17:48
91916000|0.0002|1|2024-04-27 00:17:53
91919000|0.0156|1|2024-04-27 00:17:53
91921000|0.0973|1|2024-04-27 00:17:53
91922000|0.0102|1|2024-04-27 00:17:53
91923000|0.0284|1|2024-04-27 00:17:53
91916000|0.0002|1|2024-04-27 00:17:58
91919000|0.0156|1|2024-04-27 00:17:58
91921000|0.0973|1|2024-04-27 00:17:58
91923000|0.0284|1|2024-04-27 00:17:58
91924000|0.0293|1|2024-04-27 00:17:58
91921000|0.0931|1|2024-04-27 00:18:04
91923000|0.0284|1|2024-04-27 00:18:04
91924000|0.0293|1|2024-04-27 00:18:04
91925000|0.0292|1|2024-04-27 00:18:04
91927000|0.015|1|2024-04-27 00:18:04
91921000|0.06|1|2024-04-27 00:18:09
91922000|0.0366|1|2024-04-27 00:18:09
91923000|0.0284|1|2024-04-27 00:18:09
91924000|0.0293|1|2024-04-27 00:18:09
91925000|0.0292|1|2024-04-27 00:18:09
91921000|0.0465|1|2024-04-27 00:18:14
91923000|0.0284|1|2024-04-27 00:18:14
91924000|0.0293|1|2024-04-27 00:18:14
91925000|0.0292|1|2024-04-27 00:18:14
91927000|0.015|1|2024-04-27 00:18:14
91921000|0.0075|1|2024-04-27 00:18:19
91923000|0.0284|1|2024-04-27 00:18:19
91924000|0.0293|1|2024-04-27 00:18:19
91925000|0.0292|1|2024-04-27 00:18:19
91927000|0.015|1|2024-04-27 00:18:19
91923000|0.0214|1|2024-04-27 00:18:24
91924000|0.0293|1|2024-04-27 00:18:24
91925000|0.0292|1|2024-04-27 00:18:24
91927000|0.015|1|2024-04-27 00:18:24
91930000|0.0438|1|2024-04-27 00:18:24
91933000|0.019|1|2024-04-27 00:18:29
91935000|0.0279|1|2024-04-27 00:18:29
91936000|0.0292|1|2024-04-27 00:18:29
91937000|0.015|1|2024-04-27 00:18:29
91940000|0.0438|1|2024-04-27 00:18:29
91933000|0.0527|1|2024-04-27 00:18:34
91935000|0.0279|1|2024-04-27 00:18:34
91936000|0.0292|1|2024-04-27 00:18:34
91937000|0.015|1|2024-04-27 00:18:34
91940000|0.0438|1|2024-04-27 00:18:34
91933000|0.0087|1|2024-04-27 00:18:39
91935000|0.0279|1|2024-04-27 00:18:39
91936000|0.0292|1|2024-04-27 00:18:39
91937000|0.015|1|2024-04-27 00:18:39
91940000|0.0438|1|2024-04-27 00:18:39
91935000|0.0279|1|2024-04-27 00:18:44
91936000|0.0292|1|2024-04-27 00:18:44
91937000|0.015|1|2024-04-27 00:18:44
91940000|0.0438|1|2024-04-27 00:18:44
91943000|0.0293|1|2024-04-27 00:18:44
91935000|0.0251|1|2024-04-27 00:18:49
91936000|0.0292|1|2024-04-27 00:18:49
91937000|0.015|1|2024-04-27 00:18:49
91940000|0.0438|1|2024-04-27 00:18:49
91943000|0.0293|1|2024-04-27 00:18:49
91935000|0.0014|1|2024-04-27 00:18:55
91936000|0.0292|1|2024-04-27 00:18:55
91937000|0.015|1|2024-04-27 00:18:55
91940000|0.0438|1|2024-04-27 00:18:55
91943000|0.0293|1|2024-04-27 00:18:55
91936000|0.0189|1|2024-04-27 00:19:00
91937000|0.015|1|2024-04-27 00:19:00
91940000|0.0438|1|2024-04-27 00:19:00
91943000|0.0293|1|2024-04-27 00:19:00
91945000|0.0419|1|2024-04-27 00:19:00
91934000|0.0162|1|2024-04-27 00:19:05
91936000|0.0087|1|2024-04-27 00:19:05
91937000|0.015|1|2024-04-27 00:19:05
91940000|0.0438|1|2024-04-27 00:19:05
91943000|0.0293|1|2024-04-27 00:19:05
91936000|0.0051|1|2024-04-27 00:19:10
91937000|0.015|1|2024-04-27 00:19:10
91940000|0.0438|1|2024-04-27 00:19:10
91943000|0.0293|1|2024-04-27 00:19:10
91945000|0.0419|1|2024-04-27 00:19:10
91934000|0.0102|1|2024-04-27 00:19:15
91936000|0.0005|1|2024-04-27 00:19:15
91937000|0.015|1|2024-04-27 00:19:15
91940000|0.0438|1|2024-04-27 00:19:15
91943000|0.0293|1|2024-04-27 00:19:15
91937000|0.0043|1|2024-04-27 00:19:20
91940000|0.0438|1|2024-04-27 00:19:20
91943000|0.0293|1|2024-04-27 00:19:20
91945000|0.0419|1|2024-04-27 00:19:20
91947000|0.0549|1|2024-04-27 00:19:20
91940000|0.0416|1|2024-04-27 00:19:25
91943000|0.0293|1|2024-04-27 00:19:25
91945000|0.0419|1|2024-04-27 00:19:25
91947000|0.0549|1|2024-04-27 00:19:25
91950000|0.029|1|2024-04-27 00:19:25
91939000|0.0419|1|2024-04-27 00:19:31
91954000|0.0002|1|2024-04-27 00:19:31
91964000|0.1086|1|2024-04-27 00:19:31
91970000|0.0292|1|2024-04-27 00:19:31
91983000|0.0569|1|2024-04-27 00:19:31
91936000|0.0201|1|2024-04-27 00:19:36
91939000|0.0338|1|2024-04-27 00:19:36
91940000|0.0211|1|2024-04-27 00:19:36
91944000|0.029|1|2024-04-27 00:19:36
91954000|0.0002|1|2024-04-27 00:19:36
91936000|0.0002|1|2024-04-27 00:19:41
91939000|0.0338|1|2024-04-27 00:19:41
91940000|0.0211|1|2024-04-27 00:19:41
91944000|0.029|1|2024-04-27 00:19:41
91954000|0.0002|1|2024-04-27 00:19:41
91939000|0.0225|1|2024-04-27 00:19:46
91940000|0.0211|1|2024-04-27 00:19:46
91944000|0.029|1|2024-04-27 00:19:46
91954000|0.0002|1|2024-04-27 00:19:46
91965000|0.1085|1|2024-04-27 00:19:46
91939000|0.0098|1|2024-04-27 00:19:51
91940000|0.0211|1|2024-04-27 00:19:51
91944000|0.029|1|2024-04-27 00:19:51
91954000|0.0002|1|2024-04-27 00:19:51
91970000|0.0292|1|2024-04-27 00:19:51
91922000|1.8887|1|2024-04-27 00:19:56
91940000|0.0182|1|2024-04-27 00:19:56
91944000|0.029|1|2024-04-27 00:19:56
91954000|0.0002|1|2024-04-27 00:19:56
91962000|0.1085|1|2024-04-27 00:19:56
91922000|1.8309|1|2024-04-27 00:20:01
91940000|0.0182|1|2024-04-27 00:20:01
91944000|0.029|1|2024-04-27 00:20:01
91954000|0.0002|1|2024-04-27 00:20:01
91962000|0.1085|1|2024-04-27 00:20:01
91922000|1.7941|1|2024-04-27 00:20:06
91940000|0.0182|1|2024-04-27 00:20:06
91944000|0.029|1|2024-04-27 00:20:06
91954000|0.0002|1|2024-04-27 00:20:06
91967000|0.0598|1|2024-04-27 00:20:06
91922000|1.7342|1|2024-04-27 00:20:11
91940000|0.0182|1|2024-04-27 00:20:11
91944000|0.029|1|2024-04-27 00:20:11
91954000|0.0002|1|2024-04-27 00:20:11
91967000|0.0598|1|2024-04-27 00:20:11
91922000|1.6611|1|2024-04-27 00:20:17
91940000|0.0182|1|2024-04-27 00:20:17
91944000|0.029|1|2024-04-27 00:20:17
91954000|0.0002|1|2024-04-27 00:20:17
91967000|0.0598|1|2024-04-27 00:20:17
91922000|1.6185|1|2024-04-27 00:20:22
91940000|0.0182|1|2024-04-27 00:20:22
91944000|0.029|1|2024-04-27 00:20:22
91954000|0.0002|1|2024-04-27 00:20:22
91967000|0.0598|1|2024-04-27 00:20:22
91922000|1.6158|1|2024-04-27 00:20:27
91940000|0.0182|1|2024-04-27 00:20:27
91944000|0.029|1|2024-04-27 00:20:27
91954000|0.0002|1|2024-04-27 00:20:27
91967000|0.1683|1|2024-04-27 00:20:27
91901000|0.0035|1|2024-04-27 00:20:32
91905000|0.029|1|2024-04-27 00:20:32
91919000|0.0002|1|2024-04-27 00:20:32
91922000|1.6259|1|2024-04-27 00:20:32
91942000|0.0563|1|2024-04-27 00:20:32
91893000|0.0224|1|2024-04-27 00:20:37
91919000|0.0002|1|2024-04-27 00:20:37
91921000|0.0956|1|2024-04-27 00:20:37
91922000|1.6259|1|2024-04-27 00:20:37
91930000|0.0651|1|2024-04-27 00:20:37
91899000|0.0062|1|2024-04-27 00:20:42
91900000|0.0001|1|2024-04-27 00:20:42
91903000|0.0953|1|2024-04-27 00:20:42
91904000|0.1086|1|2024-04-27 00:20:42
91919000|0.0002|1|2024-04-27 00:20:42
91899000|0.0063|1|2024-04-27 00:20:47
91919000|0.0002|1|2024-04-27 00:20:47
91921000|0.0953|1|2024-04-27 00:20:47
91922000|1.6157|1|2024-04-27 00:20:47
91929000|0.063|1|2024-04-27 00:20:47
91903000|0.1086|1|2024-04-27 00:20:52
91919000|0.0002|1|2024-04-27 00:20:52
91922000|1.6157|1|2024-04-27 00:20:52
91929000|0.063|1|2024-04-27 00:20:52
91932000|0.0397|1|2024-04-27 00:20:52
91914000|0.0953|1|2024-04-27 00:20:57
91915000|0.1086|1|2024-04-27 00:20:57
91916000|0.141|1|2024-04-27 00:20:57
91918000|0.1472|1|2024-04-27 00:20:57
91919000|0.0002|1|2024-04-27 00:20:57
91907000|0.0292|1|2024-04-27 00:21:03
91912000|0.0085|1|2024-04-27 00:21:03
91913000|0.141|1|2024-04-27 00:21:03
91918000|0.0062|1|2024-04-27 00:21:03
91919000|0.0002|1|2024-04-27 00:21:03
91877000|0.0065|1|2024-04-27 00:21:08
91911000|0.141|1|2024-04-27 00:21:08
91912000|0.141|1|2024-04-27 00:21:08
91919000|0.0002|1|2024-04-27 00:21:08
91922000|1.6157|1|2024-04-27 00:21:08
91909000|0.3081|1|2024-04-27 00:21:13
91919000|0.0002|1|2024-04-27 00:21:13
91922000|1.6157|1|2024-04-27 00:21:13
91927000|0.0586|1|2024-04-27 00:21:13
91942000|0.0563|1|2024-04-27 00:21:13
91919000|0.0002|1|2024-04-27 00:21:18
91922000|1.6157|1|2024-04-27 00:21:18
91943000|0.0131|1|2024-04-27 00:21:18
91954000|0.0638|1|2024-04-27 00:21:18
91967000|0.0598|1|2024-04-27 00:21:18
91909000|0.0006|1|2024-04-27 00:21:23
91919000|0.0002|1|2024-04-27 00:21:23
91922000|1.6157|1|2024-04-27 00:21:23
91943000|0.0062|1|2024-04-27 00:21:23
91954000|0.0638|1|2024-04-27 00:21:23
91922000|1.6141|1|2024-04-27 00:21:28
91943000|0.0062|1|2024-04-27 00:21:28
91954000|0.0638|1|2024-04-27 00:21:28
91967000|0.0598|1|2024-04-27 00:21:28
91975000|0.328|1|2024-04-27 00:21:28
91922000|1.6141|1|2024-04-27 00:21:33
91943000|0.0062|1|2024-04-27 00:21:33
91954000|0.0002|1|2024-04-27 00:21:33
91961000|0.1086|1|2024-04-27 00:21:33
91967000|0.0598|1|2024-04-27 00:21:33
91877000|0.1787|1|2024-04-27 00:21:38
91922000|1.6141|1|2024-04-27 00:21:38
91934000|0.0652|1|2024-04-27 00:21:38
91943000|0.0062|1|2024-04-27 00:21:38
91953000|0.0538|1|2024-04-27 00:21:38
91877000|0.0507|1|2024-04-27 00:21:44
91922000|1.6141|1|2024-04-27 00:21:44
91934000|0.0652|1|2024-04-27 00:21:44
91943000|0.0062|1|2024-04-27 00:21:44
91953000|0.0538|1|2024-04-27 00:21:44
91877000|0.0086|1|2024-04-27 00:21:49
91922000|1.6141|1|2024-04-27 00:21:49
91934000|0.0652|1|2024-04-27 00:21:49
91943000|0.0062|1|2024-04-27 00:21:49
91953000|0.0538|1|2024-04-27 00:21:49
91877000|0.0075|1|2024-04-27 00:21:54
91922000|1.6141|1|2024-04-27 00:21:54
91934000|0.0652|1|2024-04-27 00:21:54
91943000|0.0062|1|2024-04-27 00:21:54
91953000|0.0538|1|2024-04-27 00:21:54
91877000|0.0031|1|2024-04-27 00:21:59
91922000|1.5961|1|2024-04-27 00:21:59
91936000|0.0614|1|2024-04-27 00:21:59
91943000|0.0062|1|2024-04-27 00:21:59
91953000|0.0618|1|2024-04-27 00:21:59
91921000|0.1086|1|2024-04-27 00:22:04
91922000|1.5761|1|2024-04-27 00:22:04
91945000|0.0627|1|2024-04-27 00:22:04
91953000|0.0618|1|2024-04-27 00:22:04
91954000|0.0002|1|2024-04-27 00:22:04
91922000|1.6207|1|2024-04-27 00:22:09
91935000|0.1086|1|2024-04-27 00:22:09
91954000|0.0002|1|2024-04-27 00:22:09
91967000|0.0598|1|2024-04-27 00:22:09
91986000|0.328|1|2024-04-27 00:22:09
91922000|1.6207|1|2024-04-27 00:22:14
91954000|0.0002|1|2024-04-27 00:22:14
91967000|0.0598|1|2024-04-27 00:22:14
91995000|0.9|1|2024-04-27 00:22:14
91996000|0.0015|1|2024-04-27 00:22:14
91922000|1.296|1|2024-04-27 00:22:19
91933000|0.1086|1|2024-04-27 00:22:19
91954000|0.0002|1|2024-04-27 00:22:19
91967000|0.0598|1|2024-04-27 00:22:19
91995000|0.9|1|2024-04-27 00:22:19
91922000|1.2962|1|2024-04-27 00:22:25
91935000|0.1086|1|2024-04-27 00:22:25
91954000|0.0002|1|2024-04-27 00:22:25
91967000|0.0598|1|2024-04-27 00:22:25
91980000|0.0627|1|2024-04-27 00:22:25
91922000|1.2903|1|2024-04-27 00:22:30
91954000|0.0002|1|2024-04-27 00:22:30
91967000|0.0598|1|2024-04-27 00:22:30
91980000|0.0627|1|2024-04-27 00:22:30
91995000|0.9|1|2024-04-27 00:22:30
91922000|1.2901|1|2024-04-27 00:22:35
91923000|0.1086|1|2024-04-27 00:22:35
91954000|0.0002|1|2024-04-27 00:22:35
91967000|0.0598|1|2024-04-27 00:22:35
91980000|0.0627|1|2024-04-27 00:22:35
91920000|0.1086|1|2024-04-27 00:22:40
91922000|1.2899|1|2024-04-27 00:22:40
91954000|0.0002|1|2024-04-27 00:22:40
91967000|0.0598|1|2024-04-27 00:22:40
91980000|0.0627|1|2024-04-27 00:22:40
91920000|0.1085|1|2024-04-27 00:22:45
91922000|1.2899|1|2024-04-27 00:22:45
91954000|0.0002|1|2024-04-27 00:22:45
91956000|0.0638|1|2024-04-27 00:22:45
91967000|0.0598|1|2024-04-27 00:22:45
91892000|0.3281|1|2024-04-27 00:22:50
91911000|0.1086|1|2024-04-27 00:22:50
91922000|0.9619|1|2024-04-27 00:22:50
91942000|0.0537|1|2024-04-27 00:22:50
91954000|0.0002|1|2024-04-27 00:22:50
91892000|0.3281|1|2024-04-27 00:22:55
91922000|0.9674|1|2024-04-27 00:22:55
91942000|0.0537|1|2024-04-27 00:22:55
91954000|0.0002|1|2024-04-27 00:22:55
91956000|0.0638|1|2024-04-27 00:22:55
91892000|0.3268|1|2024-04-27 00:23:01
91918000|0.1086|1|2024-04-27 00:23:01
91922000|0.9674|1|2024-04-27 00:23:01
91942000|0.0537|1|2024-04-27 00:23:01
91954000|0.0002|1|2024-04-27 00:23:01
91922000|0.9489|1|2024-04-27 00:23:06
91923000|0.1086|1|2024-04-27 00:23:06
91952000|0.328|1|2024-04-27 00:23:06
91954000|0.0002|1|2024-04-27 00:23:06
91956000|0.0638|1|2024-04-27 00:23:06
91922000|0.9489|1|2024-04-27 00:23:11
91923000|0.1086|1|2024-04-27 00:23:11
91952000|0.328|1|2024-04-27 00:23:11
91954000|0.0002|1|2024-04-27 00:23:11
91956000|0.0638|1|2024-04-27 00:23:11
91922000|0.8785|1|2024-04-27 00:23:16
91934000|0.328|1|2024-04-27 00:23:16
91937000|0.1086|1|2024-04-27 00:23:16
91954000|0.0002|1|2024-04-27 00:23:16
91956000|0.0638|1|2024-04-27 00:23:16
91922000|0.8415|1|2024-04-27 00:23:21
91930000|0.1086|1|2024-04-27 00:23:21
91934000|0.328|1|2024-04-27 00:23:21
91954000|0.0002|1|2024-04-27 00:23:21
91956000|0.0638|1|2024-04-27 00:23:21
91913000|0.2959|1|2024-04-27 00:23:26
91922000|0.8414|1|2024-04-27 00:23:26
91930000|0.1086|1|2024-04-27 00:23:26
91950000|0.328|1|2024-04-27 00:23:26
91954000|0.0002|1|2024-04-27 00:23:26
91913000|0.2938|1|2024-04-27 00:23:31
91922000|0.8414|1|2024-04-27 00:23:31
91950000|0.328|1|2024-04-27 00:23:31
91954000|0.0002|1|2024-04-27 00:23:31
91956000|0.0638|1|2024-04-27 00:23:31
91913000|0.289|1|2024-04-27 00:23:36
91922000|0.8414|1|2024-04-27 00:23:36
91928000|0.1086|1|2024-04-27 00:23:36
91950000|0.328|1|2024-04-27 00:23:36
91954000|0.0002|1|2024-04-27 00:23:36
91913000|0.286|1|2024-04-27 00:23:41
91919000|0.1086|1|2024-04-27 00:23:41
91922000|0.8414|1|2024-04-27 00:23:41
91950000|0.328|1|2024-04-27 00:23:41
91954000|0.0002|1|2024-04-27 00:23:41
91878000|0.0054|1|2024-04-27 00:23:47
91913000|0.286|1|2024-04-27 00:23:47
91919000|0.1086|1|2024-04-27 00:23:47
91922000|0.7969|1|2024-04-27 00:23:47
91950000|0.328|1|2024-04-27 00:23:47
91913000|0.2514|1|2024-04-27 00:23:52
91922000|0.7969|1|2024-04-27 00:23:52
91927000|0.1086|1|2024-04-27 00:23:52
91950000|0.328|1|2024-04-27 00:23:52
91954000|0.0002|1|2024-04-27 00:23:52
91922000|0.7969|1|2024-04-27 00:23:57
91927000|0.1086|1|2024-04-27 00:23:57
91950000|0.328|1|2024-04-27 00:23:57
91954000|0.0002|1|2024-04-27 00:23:57
91956000|0.0638|1|2024-04-27 00:23:57
91913000|0.0357|1|2024-04-27 00:24:02
91922000|0.7969|1|2024-04-27 00:24:02
91927000|0.1086|1|2024-04-27 00:24:02
91950000|0.328|1|2024-04-27 00:24:02
91954000|0.0573|1|2024-04-27 00:24:02
91913000|0.0332|1|2024-04-27 00:24:07
91917000|0.1086|1|2024-04-27 00:24:07
91922000|0.7969|1|2024-04-27 00:24:07
91950000|0.328|1|2024-04-27 00:24:07
91954000|0.0573|1|2024-04-27 00:24:07
91912000|0.1087|1|2024-04-27 00:24:12
91913000|0.0331|1|2024-04-27 00:24:12
91922000|0.7969|1|2024-04-27 00:24:12
91950000|0.328|1|2024-04-27 00:24:12
91954000|0.0573|1|2024-04-27 00:24:12
91917000|0.1019|1|2024-04-27 00:24:17
91922000|0.7969|1|2024-04-27 00:24:17
91950000|0.328|1|2024-04-27 00:24:17
91953000|0.0619|1|2024-04-27 00:24:17
91954000|0.0002|1|2024-04-27 00:24:17
91916000|0.1086|1|2024-04-27 00:24:22
91922000|0.7969|1|2024-04-27 00:24:22
91950000|0.328|1|2024-04-27 00:24:22
91953000|0.0619|1|2024-04-27 00:24:22
91954000|0.0002|1|2024-04-27 00:24:22
91921000|0.1086|1|2024-04-27 00:24:28
91922000|0.7969|1|2024-04-27 00:24:28
91950000|0.328|1|2024-04-27 00:24:28
91953000|0.0619|1|2024-04-27 00:24:28
91954000|0.0002|1|2024-04-27 00:24:28
91921000|0.1086|1|2024-04-27 00:24:33
91922000|0.7969|1|2024-04-27 00:24:33
91950000|0.328|1|2024-04-27 00:24:33
91953000|0.0619|1|2024-04-27 00:24:33
91954000|0.0002|1|2024-04-27 00:24:33
91916000|0.1086|1|2024-04-27 00:24:38
91917000|0.0595|1|2024-04-27 00:24:38
91922000|0.7969|1|2024-04-27 00:24:38
91950000|0.328|1|2024-04-27 00:24:38
91953000|0.0619|1|2024-04-27 00:24:38
91916000|0.1086|1|2024-04-27 00:24:43
91917000|0.0595|1|2024-04-27 00:24:43
91922000|0.7969|1|2024-04-27 00:24:43
91950000|0.328|1|2024-04-27 00:24:43
91953000|0.0619|1|2024-04-27 00:24:43
91916000|0.1063|1|2024-04-27 00:24:48
91917000|0.0595|1|2024-04-27 00:24:48
91922000|0.7969|1|2024-04-27 00:24:48
91950000|0.328|1|2024-04-27 00:24:48
91953000|0.0619|1|2024-04-27 00:24:48
91916000|0.1057|1|2024-04-27 00:24:53
91917000|0.0595|1|2024-04-27 00:24:53
91922000|0.7969|1|2024-04-27 00:24:53
91943000|0.0574|1|2024-04-27 00:24:53
91947000|0.0627|1|2024-04-27 00:24:53
91916000|0.1057|1|2024-04-27 00:24:58
91917000|0.0595|1|2024-04-27 00:24:58
91922000|0.7969|1|2024-04-27 00:24:58
91943000|0.0574|1|2024-04-27 00:24:58
91947000|0.0627|1|2024-04-27 00:24:58
91916000|0.1056|1|2024-04-27 00:25:03
91917000|0.0595|1|2024-04-27 00:25:03
91922000|0.7969|1|2024-04-27 00:25:03
91943000|0.0574|1|2024-04-27 00:25:03
91947000|0.0627|1|2024-04-27 00:25:03
91916000|0.1051|1|2024-04-27 00:25:09
91917000|0.3875|1|2024-04-27 00:25:09
91922000|0.7969|1|2024-04-27 00:25:09
91943000|0.0574|1|2024-04-27 00:25:09
91947000|0.0627|1|2024-04-27 00:25:09
91881000|0.4367|1|2024-04-27 00:25:14
91882000|0.0002|1|2024-04-27 00:25:14
91917000|0.3875|1|2024-04-27 00:25:14
91921000|0.1258|1|2024-04-27 00:25:14
91922000|0.7969|1|2024-04-27 00:25:14
91881000|0.3867|1|2024-04-27 00:25:19
91882000|0.0002|1|2024-04-27 00:25:19
91917000|0.3875|1|2024-04-27 00:25:19
91921000|0.1258|1|2024-04-27 00:25:19
91922000|0.7969|1|2024-04-27 00:25:19
91881000|0.3477|1|2024-04-27 00:25:24
91882000|0.0002|1|2024-04-27 00:25:24
91917000|0.3875|1|2024-04-27 00:25:24
91921000|0.1258|1|2024-04-27 00:25:24
91922000|0.7969|1|2024-04-27 00:25:24
91880000|0.1087|1|2024-04-27 00:25:29
91881000|0.3046|1|2024-04-27 00:25:29
91882000|0.0002|1|2024-04-27 00:25:29
91917000|0.3875|1|2024-04-27 00:25:29
91921000|0.1258|1|2024-04-27 00:25:29
91880000|0.4361|1|2024-04-27 00:25:34
91881000|0.001|1|2024-04-27 00:25:34
91882000|0.0002|1|2024-04-27 00:25:34
91917000|0.3875|1|2024-04-27 00:25:34
91921000|0.0631|1|2024-04-27 00:25:34
91855000|0.3604|1|2024-04-27 00:25:39
91881000|0.001|1|2024-04-27 00:25:39
91882000|0.0002|1|2024-04-27 00:25:39
91899000|0.0068|1|2024-04-27 00:25:39
91906000|0.059|1|2024-04-27 00:25:39
91853000|0.0761|1|2024-04-27 00:25:44
91854000|0.0009|1|2024-04-27 00:25:44
91855000|0.2519|1|2024-04-27 00:25:44
91881000|0.001|1|2024-04-27 00:25:44
91882000|0.0002|1|2024-04-27 00:25:44
91853000|0.0722|1|2024-04-27 00:25:50
91855000|0.2519|1|2024-04-27 00:25:50
91881000|0.001|1|2024-04-27 00:25:50
91882000|0.0002|1|2024-04-27 00:25:50
91899000|0.0068|1|2024-04-27 00:25:50
91852000|0.0483|1|2024-04-27 00:25:55
91855000|0.2519|1|2024-04-27 00:25:55
91881000|0.001|1|2024-04-27 00:25:55
91882000|0.0002|1|2024-04-27 00:25:55
91889000|0.0584|1|2024-04-27 00:25:55
91852000|0.0176|1|2024-04-27 00:26:00
91855000|0.2519|1|2024-04-27 00:26:00
91881000|0.001|1|2024-04-27 00:26:00
91882000|0.0002|1|2024-04-27 00:26:00
91899000|0.0068|1|2024-04-27 00:26:00
91855000|0.236|1|2024-04-27 00:26:05
91881000|0.001|1|2024-04-27 00:26:05
91882000|0.0002|1|2024-04-27 00:26:05
91899000|0.0068|1|2024-04-27 00:26:05
91906000|0.059|1|2024-04-27 00:26:05
91854000|0.1069|1|2024-04-27 00:26:10
91855000|0.0002|1|2024-04-27 00:26:10
91881000|0.001|1|2024-04-27 00:26:10
91882000|0.0002|1|2024-04-27 00:26:10
91896000|0.0642|1|2024-04-27 00:26:10
91870000|0.1086|1|2024-04-27 00:26:15
91902000|0.0397|1|2024-04-27 00:26:15
91921000|2.7631|1|2024-04-27 00:26:15
91922000|0.7969|1|2024-04-27 00:26:15
91931000|0.0638|1|2024-04-27 00:26:15
91871000|0.0259|1|2024-04-27 00:26:20
91884000|0.1086|1|2024-04-27 00:26:20
91902000|0.0554|1|2024-04-27 00:26:20
91921000|2.7633|1|2024-04-27 00:26:20
91922000|0.7969|1|2024-04-27 00:26:20
91847000|0.0413|1|2024-04-27 00:26:25
91850000|0.1086|1|2024-04-27 00:26:25
91870000|0.0397|1|2024-04-27 00:26:25
91884000|2.7|1|2024-04-27 00:26:25
91894000|0.0565|1|2024-04-27 00:26:25
91846000|0.4068|1|2024-04-27 00:26:31
91847000|0.1421|1|2024-04-27 00:26:31
91858000|0.0397|1|2024-04-27 00:26:31
91884000|2.7536|1|2024-04-27 00:26:31
91894000|0.0565|1|2024-04-27 00:26:31
91845000|0.1087|1|2024-04-27 00:26:36
91846000|0.141|1|2024-04-27 00:26:36
91847000|0.141|1|2024-04-27 00:26:36
91856000|0.0119|1|2024-04-27 00:26:36
91858000|0.0397|1|2024-04-27 00:26:36
91820000|0.2989|1|2024-04-27 00:26:41
91846000|0.0002|1|2024-04-27 00:26:41
91850000|0.1087|1|2024-04-27 00:26:41
91857000|0.0062|1|2024-04-27 00:26:41
91858000|0.0397|1|2024-04-27 00:26:41
91820000|0.2261|1|2024-04-27 00:26:46
91831000|0.0027|1|2024-04-27 00:26:46
91834000|0.1087|1|2024-04-27 00:26:46
91846000|0.0002|1|2024-04-27 00:26:46
91858000|0.0397|1|2024-04-27 00:26:46
91820000|0.2241|1|2024-04-27 00:26:51
91831000|0.0027|1|2024-04-27 00:26:51
91833000|0.0397|1|2024-04-27 00:26:51
91846000|0.0002|1|2024-04-27 00:26:51
91850000|0.0013|1|2024-04-27 00:26:51
91819000|0.3621|1|2024-04-27 00:26:56
91820000|0.141|1|2024-04-27 00:26:56
91831000|0.0027|1|2024-04-27 00:26:56
91846000|0.0002|1|2024-04-27 00:26:56
91850000|0.0013|1|2024-04-27 00:26:56
91815000|0.1087|1|2024-04-27 00:27:01
91816000|0.2241|1|2024-04-27 00:27:01
91818000|0.141|1|2024-04-27 00:27:01
91831000|0.0027|1|2024-04-27 00:27:01
91846000|0.0002|1|2024-04-27 00:27:01
91815000|0.3651|1|2024-04-27 00:27:06
91816000|0.141|1|2024-04-27 00:27:06
91831000|0.0027|1|2024-04-27 00:27:06
91846000|0.0002|1|2024-04-27 00:27:06
91850000|0.0013|1|2024-04-27 00:27:06
91814000|0.076|1|2024-04-27 00:27:12
91815000|0.3651|1|2024-04-27 00:27:12
91816000|0.141|1|2024-04-27 00:27:12
91831000|0.0027|1|2024-04-27 00:27:12
91846000|0.0002|1|2024-04-27 00:27:12
91814000|0.4413|1|2024-04-27 00:27:17
91815000|0.141|1|2024-04-27 00:27:17
91816000|0.141|1|2024-04-27 00:27:17
91831000|0.0027|1|2024-04-27 00:27:17
91846000|0.0002|1|2024-04-27 00:27:17
91801000|0.1087|1|2024-04-27 00:27:22
91802000|0.0001|1|2024-04-27 00:27:22
91803000|0.3651|1|2024-04-27 00:27:22
91814000|0.0002|1|2024-04-27 00:27:22
91831000|0.0027|1|2024-04-27 00:27:22
91781000|0.2146|1|2024-04-27 00:27:27
91786000|0.0001|1|2024-04-27 00:27:27
91802000|0.141|1|2024-04-27 00:27:27
91814000|0.0002|1|2024-04-27 00:27:27
91831000|0.0027|1|2024-04-27 00:27:27
91775000|0.0124|1|2024-04-27 00:27:32
91800000|0.1087|1|2024-04-27 00:27:32
91814000|0.0002|1|2024-04-27 00:27:32
91831000|0.0027|1|2024-04-27 00:27:32
91840000|0.055|1|2024-04-27 00:27:32
91800000|0.1087|1|2024-04-27 00:27:37
91814000|0.0002|1|2024-04-27 00:27:37
91829000|0.062|1|2024-04-27 00:27:37
91831000|0.0027|1|2024-04-27 00:27:37
91840000|0.055|1|2024-04-27 00:27:37
91813000|0.1088|1|2024-04-27 00:27:42
91814000|0.1412|1|2024-04-27 00:27:42
91831000|0.0027|1|2024-04-27 00:27:42
91840000|0.055|1|2024-04-27 00:27:42
91846000|0.0002|1|2024-04-27 00:27:42
91813000|0.2242|1|2024-04-27 00:27:47
91814000|0.1412|1|2024-04-27 00:27:47
91815000|0.141|1|2024-04-27 00:27:47
91831000|0.0027|1|2024-04-27 00:27:47
91840000|0.055|1|2024-04-27 00:27:47
91765000|1.9894|1|2024-04-27 00:27:53
91774000|0.1088|1|2024-04-27 00:27:53
91813000|0.0002|1|2024-04-27 00:27:53
91814000|0.0604|1|2024-04-27 00:27:53
91823000|0.012|1|2024-04-27 00:27:53
91765000|1.9644|1|2024-04-27 00:27:58
91771000|0.1088|1|2024-04-27 00:27:58
91804000|0.328|1|2024-04-27 00:27:58
91805000|0.328|1|2024-04-27 00:27:58
91813000|0.0002|1|2024-04-27 00:27:58
91764000|0.1406|1|2024-04-27 00:28:03
91765000|1.9612|1|2024-04-27 00:28:03
91776000|0.1088|1|2024-04-27 00:28:03
91813000|0.0002|1|2024-04-27 00:28:03
91814000|0.0604|1|2024-04-27 00:28:03
91764000|0.1374|1|2024-04-27 00:28:08
91765000|2.1022|1|2024-04-27 00:28:08
91811000|0.0205|1|2024-04-27 00:28:08
91813000|0.0002|1|2024-04-27 00:28:08
91814000|0.0604|1|2024-04-27 00:28:08
91760000|0.0322|1|2024-04-27 00:28:13
91765000|1.9612|1|2024-04-27 00:28:13
91777000|0.1088|1|2024-04-27 00:28:13
91813000|0.0002|1|2024-04-27 00:28:13
91814000|0.0604|1|2024-04-27 00:28:13
91760000|0.0309|1|2024-04-27 00:28:18
91765000|1.9612|1|2024-04-27 00:28:18
91783000|0.1088|1|2024-04-27 00:28:18
91813000|0.0002|1|2024-04-27 00:28:18
91814000|0.0604|1|2024-04-27 00:28:18
91781000|0.1088|1|2024-04-27 00:28:23
91782000|0.141|1|2024-04-27 00:28:23
91811000|0.0235|1|2024-04-27 00:28:23
91813000|0.0002|1|2024-04-27 00:28:23
91814000|0.0002|1|2024-04-27 00:28:23
91759000|0.3279|1|2024-04-27 00:28:28
91765000|0.0004|1|2024-04-27 00:28:28
91782000|0.328|1|2024-04-27 00:28:28
91802000|0.0556|1|2024-04-27 00:28:28
91811000|0.0235|1|2024-04-27 00:28:28
91692000|0.1088|1|2024-04-27 00:28:34
91693000|0.0001|1|2024-04-27 00:28:34
91696000|0.002|1|2024-04-27 00:28:34
91700000|0.0002|1|2024-04-27 00:28:34
91705000|0.0629|1|2024-04-27 00:28:34
91677000|0.1053|1|2024-04-27 00:28:39
91683000|0.0062|1|2024-04-27 00:28:39
91702000|0.0002|1|2024-04-27 00:28:39
91719000|0.0612|1|2024-04-27 00:28:39
91734000|1.858|1|2024-04-27 00:28:39
91674000|0.1088|1|2024-04-27 00:28:44
91675000|0.0676|1|2024-04-27 00:28:44
91701000|0.0141|1|2024-04-27 00:28:44
91702000|0.1412|1|2024-04-27 00:28:44
91721000|0.0645|1|2024-04-27 00:28:44
91674000|0.2498|1|2024-04-27 00:28:49
91675000|0.0676|1|2024-04-27 00:28:49
91701000|0.0141|1|2024-04-27 00:28:49
91702000|0.0002|1|2024-04-27 00:28:49
91721000|0.0645|1|2024-04-27 00:28:49
91660000|1.9381|1|2024-04-27 00:28:54
91675000|0.0676|1|2024-04-27 00:28:54
91691000|0.1089|1|2024-04-27 00:28:54
91702000|0.0002|1|2024-04-27 00:28:54
91710000|0.0577|1|2024-04-27 00:28:54
91660000|1.6177|1|2024-04-27 00:28:59
91675000|0.0676|1|2024-04-27 00:28:59
91688000|0.1089|1|2024-04-27 00:28:59
91702000|0.0002|1|2024-04-27 00:28:59
91710000|0.0577|1|2024-04-27 00:28:59
91660000|1.594|1|2024-04-27 00:29:04
91675000|0.0676|1|2024-04-27 00:29:04
91688000|0.1089|1|2024-04-27 00:29:04
91702000|0.0002|1|2024-04-27 00:29:04
91710000|0.0577|1|2024-04-27 00:29:04
91650000|0.241|1|2024-04-27 00:29:09
91660000|1.594|1|2024-04-27 00:29:09
91675000|0.0676|1|2024-04-27 00:29:09
91691000|0.1089|1|2024-04-27 00:29:09
91702000|0.0002|1|2024-04-27 00:29:09
91660000|1.594|1|2024-04-27 00:29:15
91690000|0.1089|1|2024-04-27 00:29:15
91702000|0.0002|1|2024-04-27 00:29:15
91710000|0.0577|1|2024-04-27 00:29:15
91719000|0.0075|1|2024-04-27 00:29:15
91607000|0.5738|1|2024-04-27 00:29:20
91609000|0.1186|1|2024-04-27 00:29:20
91641000|0.0637|1|2024-04-27 00:29:20
91646000|0.3957|1|2024-04-27 00:29:20
91660000|4.294|1|2024-04-27 00:29:20
91605000|0.0976|1|2024-04-27 00:29:25
91606000|0.0008|1|2024-04-27 00:29:25
91607000|0.141|1|2024-04-27 00:29:25
91608000|0.141|1|2024-04-27 00:29:25
91609000|0.1186|1|2024-04-27 00:29:25
91600000|0.0703|1|2024-04-27 00:29:30
91604000|0.0008|1|2024-04-27 00:29:30
91605000|0.0711|1|2024-04-27 00:29:30
91606000|0.141|1|2024-04-27 00:29:30
91616000|0.0629|1|2024-04-27 00:29:30
91540000|0.0877|1|2024-04-27 00:29:35
91597000|0.109|1|2024-04-27 00:29:35
91599000|0.142|1|2024-04-27 00:29:35
91600000|0.0703|1|2024-04-27 00:29:35
91614000|0.0625|1|2024-04-27 00:29:35
91593000|0.109|1|2024-04-27 00:29:40
91594000|0.1838|1|2024-04-27 00:29:40
91625000|0.328|1|2024-04-27 00:29:40
91627000|0.064|1|2024-04-27 00:29:40
91641000|0.0637|1|2024-04-27 00:29:40
91535000|0.0679|1|2024-04-27 00:29:45
91540000|0.0499|1|2024-04-27 00:29:45
91541000|0.267|1|2024-04-27 00:29:45
91565000|0.109|1|2024-04-27 00:29:45
91594000|0.0418|1|2024-04-27 00:29:45
91534000|0.1663|1|2024-04-27 00:29:50
91540000|0.0179|1|2024-04-27 00:29:50
91541000|0.267|1|2024-04-27 00:29:50
91594000|0.0418|1|2024-04-27 00:29:50
91601000|0.0645|1|2024-04-27 00:29:50
91534000|0.0497|1|2024-04-27 00:29:56
91540000|0.0179|1|2024-04-27 00:29:56
91541000|0.267|1|2024-04-27 00:29:56
91601000|0.0645|1|2024-04-27 00:29:56
91604000|0.0295|1|2024-04-27 00:29:56
91541000|0.166|1|2024-04-27 00:30:01
91613000|0.0881|1|2024-04-27 00:30:01
91625000|0.328|1|2024-04-27 00:30:01
91627000|0.064|1|2024-04-27 00:30:01
91641000|0.0637|1|2024-04-27 00:30:01
91541000|0.1341|1|2024-04-27 00:30:06
91575000|0.109|1|2024-04-27 00:30:06
91586000|0.0063|1|2024-04-27 00:30:06
91613000|0.0586|1|2024-04-27 00:30:06
91623000|2.7|1|2024-04-27 00:30:06
91541000|0.1156|1|2024-04-27 00:30:11
91562000|2.7|1|2024-04-27 00:30:11
91587000|0.0593|1|2024-04-27 00:30:11
91598000|0.0642|1|2024-04-27 00:30:11
91608000|0.328|1|2024-04-27 00:30:11
91478000|0.0069|1|2024-04-27 00:30:16
91499000|0.0726|1|2024-04-27 00:30:16
91514000|0.1407|1|2024-04-27 00:30:16
91524000|0.0544|1|2024-04-27 00:30:16
91538000|0.0002|1|2024-04-27 00:30:16
91466000|0.4321|1|2024-04-27 00:30:21
91477000|0.142|1|2024-04-27 00:30:21
91498000|0.0002|1|2024-04-27 00:30:21
91514000|0.1944|1|2024-04-27 00:30:21
91524000|0.0544|1|2024-04-27 00:30:21
91466000|0.3749|1|2024-04-27 00:30:26
91498000|0.0002|1|2024-04-27 00:30:26
91501000|0.0111|1|2024-04-27 00:30:26
91514000|0.1407|1|2024-04-27 00:30:26
91524000|0.0544|1|2024-04-27 00:30:26
91466000|0.4764|1|2024-04-27 00:30:31
91467000|0.142|1|2024-04-27 00:30:31
91478000|0.0344|1|2024-04-27 00:30:31
91498000|0.0002|1|2024-04-27 00:30:31
91512000|0.0592|1|2024-04-27 00:30:31
91450000|0.1362|1|2024-04-27 00:30:37
91459000|0.0289|1|2024-04-27 00:30:37
91466000|0.0301|1|2024-04-27 00:30:37
91475000|0.0639|1|2024-04-27 00:30:37
91478000|0.0344|1|2024-04-27 00:30:37
91450000|0.1122|1|2024-04-27 00:30:42
91451000|0.142|1|2024-04-27 00:30:42
91466000|0.0023|1|2024-04-27 00:30:42
91478000|0.0344|1|2024-04-27 00:30:42
91486000|0.0574|1|2024-04-27 00:30:42
91450000|0.1047|1|2024-04-27 00:30:47
91451000|0.142|1|2024-04-27 00:30:47
91466000|0.0023|1|2024-04-27 00:30:47
91478000|0.0344|1|2024-04-27 00:30:47
91485000|0.063|1|2024-04-27 00:30:47
91467000|0.1406|1|2024-04-27 00:30:52
91478000|0.0167|1|2024-04-27 00:30:52
91490000|0.0002|1|2024-04-27 00:30:52
91498000|0.0002|1|2024-04-27 00:30:52
91514000|0.0002|1|2024-04-27 00:30:52
91431000|0.0516|1|2024-04-27 00:30:57
91432000|0.2505|1|2024-04-27 00:30:57
91466000|0.9|1|2024-04-27 00:30:57
91478000|1.8765|1|2024-04-27 00:30:57
91489000|0.0594|1|2024-04-27 00:30:57
91432000|0.065|1|2024-04-27 00:31:02
91465000|0.0723|1|2024-04-27 00:31:02
91466000|0.9|1|2024-04-27 00:31:02
91478000|1.8765|1|2024-04-27 00:31:02
91489000|0.0594|1|2024-04-27 00:31:02
91432000|0.1599|1|2024-04-27 00:31:07
91433000|0.142|1|2024-04-27 00:31:07
91455000|0.0631|1|2024-04-27 00:31:07
91462000|0.328|1|2024-04-27 00:31:07
91478000|0.0167|1|2024-04-27 00:31:07
91430000|0.3134|1|2024-04-27 00:31:13
91431000|0.2013|1|2024-04-27 00:31:13
91432000|0.1106|1|2024-04-27 00:31:13
91454000|0.0609|1|2024-04-27 00:31:13
91464000|2.7543|1|2024-04-27 00:31:13
91430000|0.4092|1|2024-04-27 00:31:18
91431000|0.2013|1|2024-04-27 00:31:18
91432000|0.1106|1|2024-04-27 00:31:18
91464000|0.0543|1|2024-04-27 00:31:18
91476000|0.0598|1|2024-04-27 00:31:18
91430000|0.6199|1|2024-04-27 00:31:23
91431000|0.142|1|2024-04-27 00:31:23
91432000|0.1106|1|2024-04-27 00:31:23
91464000|0.0543|1|2024-04-27 00:31:23
91467000|0.328|1|2024-04-27 00:31:23
91430000|0.5657|1|2024-04-27 00:31:28
91431000|0.142|1|2024-04-27 00:31:28
91432000|0.1106|1|2024-04-27 00:31:28
91467000|0.328|1|2024-04-27 00:31:28
91476000|0.0598|1|2024-04-27 00:31:28
91429000|0.142|1|2024-04-27 00:31:33
91430000|0.5656|1|2024-04-27 00:31:33
91431000|0.142|1|2024-04-27 00:31:33
91432000|0.0002|1|2024-04-27 00:31:33
91476000|0.0598|1|2024-04-27 00:31:33
91429000|0.111|1|2024-04-27 00:31:38
91430000|0.5656|1|2024-04-27 00:31:38
91431000|0.142|1|2024-04-27 00:31:38
91432000|0.1095|1|2024-04-27 00:31:38
91476000|0.058|1|2024-04-27 00:31:38
91426000|0.0358|1|2024-04-27 00:31:43
91428000|0.142|1|2024-04-27 00:31:43
91429000|0.111|1|2024-04-27 00:31:43
91430000|0.5656|1|2024-04-27 00:31:43
91432000|0.1095|1|2024-04-27 00:31:43
91428000|0.142|1|2024-04-27 00:31:48
91429000|0.111|1|2024-04-27 00:31:48
91430000|0.5229|1|2024-04-27 00:31:48
91432000|0.1095|1|2024-04-27 00:31:48
91466000|0.0652|1|2024-04-27 00:31:48
91427000|0.0254|1|2024-04-27 00:31:53
91428000|0.142|1|2024-04-27 00:31:53
91429000|0.111|1|2024-04-27 00:31:53
91430000|0.5229|1|2024-04-27 00:31:53
91432000|0.1095|1|2024-04-27 00:31:53
91427000|0.1674|1|2024-04-27 00:31:59
91428000|0.142|1|2024-04-27 00:31:59
91429000|0.111|1|2024-04-27 00:31:59
91430000|0.5229|1|2024-04-27 00:31:59
91432000|0.1095|1|2024-04-27 00:31:59
91426000|0.142|1|2024-04-27 00:32:04
91427000|0.1674|1|2024-04-27 00:32:04
91428000|0.142|1|2024-04-27 00:32:04
91430000|0.0002|1|2024-04-27 00:32:04
91432000|0.1095|1|2024-04-27 00:32:04
91426000|0.9927|1|2024-04-27 00:32:09
91427000|0.4954|1|2024-04-27 00:32:09
91428000|0.142|1|2024-04-27 00:32:09
91430000|0.0002|1|2024-04-27 00:32:09
91432000|0.1095|1|2024-04-27 00:32:09
91407000|0.328|1|2024-04-27 00:32:14
91425000|0.036|1|2024-04-27 00:32:14
91426000|0.6537|1|2024-04-27 00:32:14
91427000|0.4954|1|2024-04-27 00:32:14
91428000|0.142|1|2024-04-27 00:32:14
91406000|0.142|1|2024-04-27 00:32:19
91426000|0.5227|1|2024-04-27 00:32:19
91427000|0.0254|1|2024-04-27 00:32:19
91430000|0.0002|1|2024-04-27 00:32:19
91432000|0.0002|1|2024-04-27 00:32:19
91406000|0.142|1|2024-04-27 00:32:24
91407000|0.142|1|2024-04-27 00:32:24
91426000|0.5227|1|2024-04-27 00:32:24
91427000|0.0037|1|2024-04-27 00:32:24
91430000|0.0002|1|2024-04-27 00:32:24
91405000|0.142|1|2024-04-27 00:32:29
91406000|0.1422|1|2024-04-27 00:32:29
91407000|0.142|1|2024-04-27 00:32:29
91414000|0.0197|1|2024-04-27 00:32:29
91426000|0.5227|1|2024-04-27 00:32:29
91405000|0.142|1|2024-04-27 00:32:34
91406000|0.1422|1|2024-04-27 00:32:34
91407000|0.142|1|2024-04-27 00:32:34
91414000|0.0197|1|2024-04-27 00:32:34
91427000|0.0037|1|2024-04-27 00:32:34
91388000|0.0005|1|2024-04-27 00:32:39
91390000|0.0195|1|2024-04-27 00:32:39
91391000|0.0248|1|2024-04-27 00:32:39
91404000|0.5227|1|2024-04-27 00:32:39
91406000|0.0002|1|2024-04-27 00:32:39
91387000|0.1407|1|2024-04-27 00:32:45
91404000|0.2359|1|2024-04-27 00:32:45
91406000|0.0002|1|2024-04-27 00:32:45
91430000|0.0002|1|2024-04-27 00:32:45
91432000|0.0002|1|2024-04-27 00:32:45
91404000|0.2338|1|2024-04-27 00:32:50
91406000|0.0002|1|2024-04-27 00:32:50
91430000|0.0002|1|2024-04-27 00:32:50
91432000|0.0002|1|2024-04-27 00:32:50
91454000|0.0568|1|2024-04-27 00:32:50
91381000|0.0509|1|2024-04-27 00:32:55
91404000|0.2338|1|2024-04-27 00:32:55
91406000|0.0002|1|2024-04-27 00:32:55
91414000|0.0283|1|2024-04-27 00:32:55
91430000|0.0002|1|2024-04-27 00:32:55
91404000|0.2338|1|2024-04-27 00:33:00
91406000|0.0002|1|2024-04-27 00:33:00
91430000|0.0002|1|2024-04-27 00:33:00
91432000|0.0002|1|2024-04-27 00:33:00
91454000|0.0568|1|2024-04-27 00:33:00
91404000|0.2338|1|2024-04-27 00:33:05
91406000|0.0002|1|2024-04-27 00:33:05
91429000|0.0488|1|2024-04-27 00:33:05
91430000|0.0002|1|2024-04-27 00:33:05
91432000|0.0002|1|2024-04-27 00:33:05
91388000|0.1094|1|2024-04-27 00:33:10
91404000|0.2338|1|2024-04-27 00:33:10
91406000|0.0002|1|2024-04-27 00:33:10
91429000|0.0488|1|2024-04-27 00:33:10
91430000|0.0002|1|2024-04-27 00:33:10
91388000|0.1094|1|2024-04-27 00:33:15
91404000|0.2338|1|2024-04-27 00:33:15
91406000|0.0002|1|2024-04-27 00:33:15
91429000|0.0488|1|2024-04-27 00:33:15
91430000|0.0002|1|2024-04-27 00:33:15
91404000|0.0438|1|2024-04-27 00:33:20
91406000|0.0002|1|2024-04-27 00:33:20
91430000|0.0002|1|2024-04-27 00:33:20
91432000|0.0002|1|2024-04-27 00:33:20
91478000|0.0167|1|2024-04-27 00:33:20
91500000|0.1495|1|2024-04-27 00:33:26
91514000|0.0002|1|2024-04-27 00:33:26
91520000|0.0016|1|2024-04-27 00:33:26
91521000|0.0626|1|2024-04-27 00:33:26
91538000|0.0002|1|2024-04-27 00:33:26
91500000|0.1492|1|2024-04-27 00:33:31
91514000|0.0002|1|2024-04-27 00:33:31
91520000|0.0016|1|2024-04-27 00:33:31
91531000|0.0568|1|2024-04-27 00:33:31
91538000|0.0002|1|2024-04-27 00:33:31
91500000|0.0755|1|2024-04-27 00:33:36
91514000|0.0002|1|2024-04-27 00:33:36
91518000|0.109|1|2024-04-27 00:33:36
91519000|0.0588|1|2024-04-27 00:33:36
91520000|0.0016|1|2024-04-27 00:33:36
91480000|0.328|1|2024-04-27 00:33:41
91488000|0.328|1|2024-04-27 00:33:41
91500000|0.0001|1|2024-04-27 00:33:41
91514000|0.0002|1|2024-04-27 00:33:41
91518000|0.0624|1|2024-04-27 00:33:41
91512000|0.3081|1|2024-04-27 00:33:46
91514000|0.0002|1|2024-04-27 00:33:46
91520000|0.0016|1|2024-04-27 00:33:46
91538000|0.0002|1|2024-04-27 00:33:46
91546000|0.001|1|2024-04-27 00:33:46
91512000|0.3081|1|2024-04-27 00:33:51
91514000|0.0002|1|2024-04-27 00:33:51
91520000|0.0016|1|2024-04-27 00:33:51
91538000|0.0002|1|2024-04-27 00:33:51
91542000|0.0584|1|2024-04-27 00:33:51
91511000|0.007|1|2024-04-27 00:33:56
91512000|0.307|1|2024-04-27 00:33:56
91514000|0.0002|1|2024-04-27 00:33:56
91520000|0.0016|1|2024-04-27 00:33:56
91538000|0.0002|1|2024-04-27 00:33:56
91500000|0.0078|1|2024-04-27 00:34:01
91511000|0.007|1|2024-04-27 00:34:01
91512000|0.307|1|2024-04-27 00:34:01
91514000|0.0002|1|2024-04-27 00:34:01
91520000|0.0016|1|2024-04-27 00:34:01
91542000|0.328|1|2024-04-27 00:34:07
91550000|0.318|1|2024-04-27 00:34:07
91569000|0.001|1|2024-04-27 00:34:07
91570000|0.0001|1|2024-04-27 00:34:07
91575000|0.907|1|2024-04-27 00:34:07
91542000|0.328|1|2024-04-27 00:34:12
91550000|0.318|1|2024-04-27 00:34:12
91569000|0.001|1|2024-04-27 00:34:12
91570000|0.0609|1|2024-04-27 00:34:12
91575000|0.907|1|2024-04-27 00:34:12
91600000|0.9117|1|2024-04-27 00:34:17
91608000|0.0614|1|2024-04-27 00:34:17
91616000|1.8015|1|2024-04-27 00:34:17
91617000|0.484|1|2024-04-27 00:34:17
91620000|0.0001|1|2024-04-27 00:34:17
91598000|0.1079|1|2024-04-27 00:34:22
91599000|0.142|1|2024-04-27 00:34:22
91600000|0.0106|1|2024-04-27 00:34:22
91608000|0.0614|1|2024-04-27 00:34:22
91616000|2.7015|1|2024-04-27 00:34:22
91599000|0.142|1|2024-04-27 00:34:27
91600000|0.1526|1|2024-04-27 00:34:27
91608000|0.0614|1|2024-04-27 00:34:27
91616000|2.7015|1|2024-04-27 00:34:27
91620000|0.0001|1|2024-04-27 00:34:27
91598000|0.107|1|2024-04-27 00:34:32
91599000|0.142|1|2024-04-27 00:34:32
91600000|0.1526|1|2024-04-27 00:34:32
91616000|2.7015|1|2024-04-27 00:34:32
91618000|0.0536|1|2024-04-27 00:34:32
91598000|0.1079|1|2024-04-27 00:34:37
91599000|0.142|1|2024-04-27 00:34:37
91600000|0.1526|1|2024-04-27 00:34:37
91616000|0.9015|1|2024-04-27 00:34:37
91618000|0.0536|1|2024-04-27 00:34:37
91597000|0.1079|1|2024-04-27 00:34:42
91598000|0.0259|1|2024-04-27 00:34:42
91599000|0.142|1|2024-04-27 00:34:42
91600000|0.1526|1|2024-04-27 00:34:42
91616000|0.9015|1|2024-04-27 00:34:42
91596000|0.1079|1|2024-04-27 00:34:48
91597000|0.0218|1|2024-04-27 00:34:48
91598000|0.0259|1|2024-04-27 00:34:48
91600000|0.0106|1|2024-04-27 00:34:48
91616000|0.9015|1|2024-04-27 00:34:48
91596000|0.1306|1|2024-04-27 00:34:53
91597000|0.0218|1|2024-04-27 00:34:53
91598000|0.0259|1|2024-04-27 00:34:53
91600000|0.0106|1|2024-04-27 00:34:53
91616000|0.0015|1|2024-04-27 00:34:53
91596000|0.018|1|2024-04-27 00:34:58
91597000|0.0218|1|2024-04-27 00:34:58
91598000|0.0259|1|2024-04-27 00:34:58
91600000|0.0106|1|2024-04-27 00:34:58
91615000|0.1076|1|2024-04-27 00:34:58
91596000|0.0179|1|2024-04-27 00:35:03
91597000|0.0218|1|2024-04-27 00:35:03
91598000|0.0259|1|2024-04-27 00:35:03
91600000|0.0106|1|2024-04-27 00:35:03
91616000|0.0015|1|2024-04-27 00:35:03
91592000|0.1075|1|2024-04-27 00:35:08
91593000|0.1002|1|2024-04-27 00:35:08
91595000|0.0241|1|2024-04-27 00:35:08
91596000|0.0166|1|2024-04-27 00:35:08
91597000|0.0218|1|2024-04-27 00:35:08
91596000|0.0113|1|2024-04-27 00:35:13
91597000|0.0218|1|2024-04-27 00:35:13
91598000|0.0259|1|2024-04-27 00:35:13
91600000|0.0106|1|2024-04-27 00:35:13
91616000|0.0015|1|2024-04-27 00:35:13
91596000|0.0108|1|2024-04-27 00:35:18
91597000|0.0218|1|2024-04-27 00:35:18
91598000|0.0259|1|2024-04-27 00:35:18
91600000|0.3386|1|2024-04-27 00:35:18
91616000|0.0015|1|2024-04-27 00:35:18
91596000|0.0099|1|2024-04-27 00:35:23
91597000|0.0218|1|2024-04-27 00:35:23
91600000|0.3386|1|2024-04-27 00:35:23
91616000|0.0015|1|2024-04-27 00:35:23
91620000|0.0001|1|2024-04-27 00:35:23
91597000|0.0218|1|2024-04-27 00:35:29
91600000|0.0106|1|2024-04-27 00:35:29
91616000|0.0015|1|2024-04-27 00:35:29
91620000|0.1071|1|2024-04-27 00:35:29
91621000|0.0218|1|2024-04-27 00:35:29
91597000|0.3498|1|2024-04-27 00:35:34
91600000|0.0106|1|2024-04-27 00:35:34
91604000|0.328|1|2024-04-27 00:35:34
91616000|0.0015|1|2024-04-27 00:35:34
91620000|0.0001|1|2024-04-27 00:35:34
91599000|0.1061|1|2024-04-27 00:35:39
91600000|0.6056|1|2024-04-27 00:35:39
91601000|0.0577|1|2024-04-27 00:35:39
91616000|0.0015|1|2024-04-27 00:35:39
91620000|0.0001|1|2024-04-27 00:35:39
91591000|0.0999|1|2024-04-27 00:35:44
91592000|0.0617|1|2024-04-27 00:35:44
91597000|0.0572|1|2024-04-27 00:35:44
91598000|0.0483|1|2024-04-27 00:35:44
91599000|1.8|1|2024-04-27 00:35:44
91590000|0.107|1|2024-04-27 00:35:49
91591000|0.142|1|2024-04-27 00:35:49
91592000|0.2037|1|2024-04-27 00:35:49
91597000|0.0572|1|2024-04-27 00:35:49
91598000|0.9483|1|2024-04-27 00:35:49
91588000|0.1074|1|2024-04-27 00:35:54
91589000|0.142|1|2024-04-27 00:35:54
91590000|0.142|1|2024-04-27 00:35:54
91591000|0.142|1|2024-04-27 00:35:54
91597000|0.0572|1|2024-04-27 00:35:54
91588000|0.142|1|2024-04-27 00:35:59
91589000|0.142|1|2024-04-27 00:35:59
91597000|0.0002|1|2024-04-27 00:35:59
91598000|0.0483|1|2024-04-27 00:35:59
91616000|0.0015|1|2024-04-27 00:35:59
91588000|0.1418|1|2024-04-27 00:36:04
91589000|0.142|1|2024-04-27 00:36:04
91597000|0.0002|1|2024-04-27 00:36:04
91598000|0.0483|1|2024-04-27 00:36:04
91616000|0.0015|1|2024-04-27 00:36:04
91588000|0.1417|1|2024-04-27 00:36:10
91589000|0.142|1|2024-04-27 00:36:10
91593000|0.328|1|2024-04-27 00:36:10
91597000|0.0002|1|2024-04-27 00:36:10
91598000|0.0483|1|2024-04-27 00:36:10
91587000|0.1074|1|2024-04-27 00:36:15
91588000|0.1417|1|2024-04-27 00:36:15
91589000|0.1422|1|2024-04-27 00:36:15
91597000|0.0002|1|2024-04-27 00:36:15
91598000|0.0483|1|2024-04-27 00:36:15
91536000|0.0879|1|2024-04-27 00:36:20
91537000|0.015|1|2024-04-27 00:36:20
91539000|0.3185|1|2024-04-27 00:36:20
91557000|0.0551|1|2024-04-27 00:36:20
91581000|1.8|1|2024-04-27 00:36:20
91534000|0.0063|1|2024-04-27 00:36:25
91535000|0.106|1|2024-04-27 00:36:25
91536000|0.142|1|2024-04-27 00:36:25
91546000|0.328|1|2024-04-27 00:36:25
91568000|0.057|1|2024-04-27 00:36:25
91512000|0.328|1|2024-04-27 00:36:30
91533000|0.142|1|2024-04-27 00:36:30
91534000|0.142|1|2024-04-27 00:36:30
91536000|0.0002|1|2024-04-27 00:36:30
91547000|0.0561|1|2024-04-27 00:36:30
91483000|0.3293|1|2024-04-27 00:36:35
91507000|0.1058|1|2024-04-27 00:36:35
91508000|0.0175|1|2024-04-27 00:36:35
91510000|0.328|1|2024-04-27 00:36:35
91511000|0.2071|1|2024-04-27 00:36:35
91480000|0.1054|1|2024-04-27 00:36:40
91481000|0.03|1|2024-04-27 00:36:40
91482000|0.328|1|2024-04-27 00:36:40
91483000|0.0015|1|2024-04-27 00:36:40
91499000|0.057|1|2024-04-27 00:36:40
91430000|0.1428|1|2024-04-27 00:36:45
91447000|0.3282|1|2024-04-27 00:36:45
91465000|0.032|1|2024-04-27 00:36:45
91483000|0.0591|1|2024-04-27 00:36:45
91489000|0.484|1|2024-04-27 00:36:45
91447000|0.0|1|2024-04-27 00:36:51
91470000|0.328|1|2024-04-27 00:36:51
91483000|0.0015|1|2024-04-27 00:36:51
91510000|0.1067|1|2024-04-27 00:36:51
91511000|0.0651|1|2024-04-27 00:36:51
91483000|0.1407|1|2024-04-27 00:36:56
91536000|0.0002|1|2024-04-27 00:36:56
91537000|0.065|1|2024-04-27 00:36:56
91570000|0.0001|1|2024-04-27 00:36:56
91577000|0.484|1|2024-04-27 00:36:56
91516000|0.3282|1|2024-04-27 00:37:01
91536000|0.0002|1|2024-04-27 00:37:01
91538000|0.063|1|2024-04-27 00:37:01
91543000|0.328|1|2024-04-27 00:37:01
91553000|0.0557|1|2024-04-27 00:37:01
91516000|0.3124|1|2024-04-27 00:37:06
91520000|0.0015|1|2024-04-27 00:37:06
91528000|0.063|1|2024-04-27 00:37:06
91536000|0.0002|1|2024-04-27 00:37:06
91543000|0.328|1|2024-04-27 00:37:06
91516000|0.3027|1|2024-04-27 00:37:11
91520000|0.0015|1|2024-04-27 00:37:11
91536000|0.0002|1|2024-04-27 00:37:11
91543000|0.328|1|2024-04-27 00:37:11
91565000|0.0634|1|2024-04-27 00:37:11
91516000|0.3027|1|2024-04-27 00:37:16
91520000|0.0015|1|2024-04-27 00:37:16
91536000|0.0002|1|2024-04-27 00:37:16
91543000|0.328|1|2024-04-27 00:37:16
91565000|0.0634|1|2024-04-27 00:37:16
91481000|0.0004|1|2024-04-27 00:37:21
91516000|0.3027|1|2024-04-27 00:37:21
91520000|0.0015|1|2024-04-27 00:37:21
91536000|0.0002|1|2024-04-27 00:37:21
91543000|0.328|1|2024-04-27 00:37:21
91481000|0.0004|1|2024-04-27 00:37:27
91516000|0.0002|1|2024-04-27 00:37:27
91520000|0.0015|1|2024-04-27 00:37:27
91525000|0.0063|1|2024-04-27 00:37:27
91536000|0.0002|1|2024-04-27 00:37:27
91481000|0.0175|1|2024-04-27 00:37:32
91516000|0.0002|1|2024-04-27 00:37:32
91520000|0.0015|1|2024-04-27 00:37:32
91536000|0.0002|1|2024-04-27 00:37:32
91537000|0.328|1|2024-04-27 00:37:32
91481000|0.0027|1|2024-04-27 00:37:37
91498000|0.328|1|2024-04-27 00:37:37
91516000|0.0002|1|2024-04-27 00:37:37
91520000|0.0015|1|2024-04-27 00:37:37
91536000|0.0002|1|2024-04-27 00:37:37
91516000|0.0002|1|2024-04-27 00:37:42
91520000|0.0113|1|2024-04-27 00:37:42
91536000|0.0002|1|2024-04-27 00:37:42
91569000|0.329|1|2024-04-27 00:37:42
91570000|0.0001|1|2024-04-27 00:37:42
91516000|0.0002|1|2024-04-27 00:37:47
91520000|0.0113|1|2024-04-27 00:37:47
91536000|0.0002|1|2024-04-27 00:37:47
91562000|0.1076|1|2024-04-27 00:37:47
91563000|0.328|1|2024-04-27 00:37:47
91516000|0.0002|1|2024-04-27 00:37:52
91520000|0.0113|1|2024-04-27 00:37:52
91536000|0.0002|1|2024-04-27 00:37:52
91563000|0.328|1|2024-04-27 00:37:52
91564000|0.0113|1|2024-04-27 00:37:52
91493000|0.0209|1|2024-04-27 00:37:57
91516000|0.0002|1|2024-04-27 00:37:57
91520000|0.0113|1|2024-04-27 00:37:57
91524000|0.328|1|2024-04-27 00:37:57
91536000|0.0002|1|2024-04-27 00:37:57
91493000|0.0209|1|2024-04-27 00:38:02
91516000|0.0002|1|2024-04-27 00:38:02
91520000|0.0113|1|2024-04-27 00:38:02
91536000|0.0002|1|2024-04-27 00:38:02
91543000|0.328|1|2024-04-27 00:38:02
91493000|0.0207|1|2024-04-27 00:38:07
91516000|0.0002|1|2024-04-27 00:38:07
91520000|0.0113|1|2024-04-27 00:38:07
91536000|0.0002|1|2024-04-27 00:38:07
91537000|0.1076|1|2024-04-27 00:38:07
91493000|0.0207|1|2024-04-27 00:38:13
91516000|0.0002|1|2024-04-27 00:38:13
91520000|0.0113|1|2024-04-27 00:38:13
91536000|0.0002|1|2024-04-27 00:38:13
91537000|0.1076|1|2024-04-27 00:38:13
91493000|0.019|1|2024-04-27 00:38:18
91502000|0.328|1|2024-04-27 00:38:18
91516000|0.0002|1|2024-04-27 00:38:18
91520000|0.0113|1|2024-04-27 00:38:18
91526000|0.328|1|2024-04-27 00:38:18
91493000|0.019|1|2024-04-27 00:38:23
91502000|0.328|1|2024-04-27 00:38:23
91516000|0.0002|1|2024-04-27 00:38:23
91520000|0.0113|1|2024-04-27 00:38:23
91526000|0.328|1|2024-04-27 00:38:23
91493000|0.0189|1|2024-04-27 00:38:28
91516000|0.0002|1|2024-04-27 00:38:28
91520000|0.0113|1|2024-04-27 00:38:28
91536000|0.0002|1|2024-04-27 00:38:28
91538000|0.0207|1|2024-04-27 00:38:28
91493000|0.0189|1|2024-04-27 00:38:33
91516000|0.0002|1|2024-04-27 00:38:33
91520000|0.0113|1|2024-04-27 00:38:33
91536000|0.0002|1|2024-04-27 00:38:33
91556000|0.1073|1|2024-04-27 00:38:33
91493000|0.0135|1|2024-04-27 00:38:38
91513000|0.328|1|2024-04-27 00:38:38
91516000|0.0002|1|2024-04-27 00:38:38
91520000|0.0113|1|2024-04-27 00:38:38
91536000|0.0002|1|2024-04-27 00:38:38
91493000|0.1084|1|2024-04-27 00:38:44
91516000|0.0002|1|2024-04-27 00:38:44
91520000|0.0113|1|2024-04-27 00:38:44
91536000|0.0002|1|2024-04-27 00:38:44
91549000|0.328|1|2024-04-27 00:38:44
91493000|0.0998|1|2024-04-27 00:38:49
91516000|0.0002|1|2024-04-27 00:38:49
91520000|0.0113|1|2024-04-27 00:38:49
91525000|0.328|1|2024-04-27 00:38:49
91536000|0.0002|1|2024-04-27 00:38:49
91493000|0.0746|1|2024-04-27 00:38:54
91516000|0.0002|1|2024-04-27 00:38:54
91520000|0.0113|1|2024-04-27 00:38:54
91525000|0.328|1|2024-04-27 00:38:54
91536000|0.0002|1|2024-04-27 00:38:54
91493000|0.0703|1|2024-04-27 00:38:59
91516000|0.0002|1|2024-04-27 00:38:59
91520000|0.0113|1|2024-04-27 00:38:59
91525000|0.328|1|2024-04-27 00:38:59
91536000|0.0002|1|2024-04-27 00:38:59
91493000|0.0682|1|2024-04-27 00:39:04
91516000|0.0002|1|2024-04-27 00:39:04
91520000|0.0113|1|2024-04-27 00:39:04
91525000|0.328|1|2024-04-27 00:39:04
91536000|0.0002|1|2024-04-27 00:39:04
91520000|0.0029|1|2024-04-27 00:39:09
91536000|0.0002|1|2024-04-27 00:39:09
91562000|0.0069|1|2024-04-27 00:39:09
91565000|0.0001|1|2024-04-27 00:39:09
91568000|0.0213|1|2024-04-27 00:39:09
91569000|0.001|1|2024-04-27 00:39:14
91570000|0.0001|1|2024-04-27 00:39:14
91589000|0.0002|1|2024-04-27 00:39:14
91593000|0.0067|1|2024-04-27 00:39:14
91594000|0.0002|1|2024-04-27 00:39:14
91589000|0.0002|1|2024-04-27 00:39:19
91597000|0.0002|1|2024-04-27 00:39:19
91600000|0.0104|1|2024-04-27 00:39:19
91616000|0.0015|1|2024-04-27 00:39:19
91620000|0.0001|1|2024-04-27 00:39:19
91597000|0.0001|1|2024-04-27 00:39:25
91600000|0.0104|1|2024-04-27 00:39:25
91616000|0.0015|1|2024-04-27 00:39:25
91620000|0.0001|1|2024-04-27 00:39:25
91622000|0.0067|1|2024-04-27 00:39:25
91597000|0.0001|1|2024-04-27 00:39:30
91600000|0.0104|1|2024-04-27 00:39:30
91616000|0.0015|1|2024-04-27 00:39:30
91620000|0.0001|1|2024-04-27 00:39:30
91622000|0.0067|1|2024-04-27 00:39:30
91597000|0.0001|1|2024-04-27 00:39:35
91600000|0.0104|1|2024-04-27 00:39:35
91607000|0.0067|1|2024-04-27 00:39:35
91608000|0.0004|1|2024-04-27 00:39:35
91609000|0.0003|1|2024-04-27 00:39:35
91582000|0.0003|1|2024-04-27 00:39:40
91597000|0.0014|1|2024-04-27 00:39:40
91599000|0.1081|1|2024-04-27 00:39:40
91600000|0.0279|1|2024-04-27 00:39:40
91616000|0.0015|1|2024-04-27 00:39:40
91553000|0.009|1|2024-04-27 00:39:45
91594000|0.1081|1|2024-04-27 00:39:45
91597000|0.0011|1|2024-04-27 00:39:45
91600000|0.0104|1|2024-04-27 00:39:45
91608000|0.0588|1|2024-04-27 00:39:45
91597000|0.0158|1|2024-04-27 00:39:50
91598000|1.8|1|2024-04-27 00:39:50
91599000|0.9396|1|2024-04-27 00:39:50
91609000|0.0552|1|2024-04-27 00:39:50
91610000|0.0561|1|2024-04-27 00:39:50
91585000|0.0612|1|2024-04-27 00:39:55
91586000|0.328|1|2024-04-27 00:39:55
91592000|0.0512|1|2024-04-27 00:39:55
91593000|0.2056|1|2024-04-27 00:39:55
91594000|0.0684|1|2024-04-27 00:39:55
91576000|0.1158|1|2024-04-27 00:40:01
91577000|0.0191|1|2024-04-27 00:40:01
91578000|0.0434|1|2024-04-27 00:40:01
91579000|0.0588|1|2024-04-27 00:40:01
91584000|0.142|1|2024-04-27 00:40:01
91572000|0.0507|1|2024-04-27 00:40:06
91573000|0.142|1|2024-04-27 00:40:06
91574000|0.063|1|2024-04-27 00:40:06
91576000|0.0649|1|2024-04-27 00:40:06
91578000|0.0434|1|2024-04-27 00:40:06
91500000|0.0585|1|2024-04-27 00:40:11
91514000|0.0009|1|2024-04-27 00:40:11
91515000|0.3274|1|2024-04-27 00:40:11
91550000|0.0334|1|2024-04-27 00:40:11
91551000|0.328|1|2024-04-27 00:40:11
91500000|0.0384|1|2024-04-27 00:40:16
91515000|0.3274|1|2024-04-27 00:40:16
91551000|0.328|1|2024-04-27 00:40:16
91561000|0.0559|1|2024-04-27 00:40:16
91576000|0.0649|1|2024-04-27 00:40:16
91500000|0.038|1|2024-04-27 00:40:21
91515000|0.3274|1|2024-04-27 00:40:21
91551000|0.328|1|2024-04-27 00:40:21
91555000|0.0349|1|2024-04-27 00:40:21
91561000|0.0559|1|2024-04-27 00:40:21
91490000|0.0743|1|2024-04-27 00:40:26
91500000|0.029|1|2024-04-27 00:40:26
91540000|0.0619|1|2024-04-27 00:40:26
91550000|0.0646|1|2024-04-27 00:40:26
91551000|0.328|1|2024-04-27 00:40:26
91471000|0.0153|1|2024-04-27 00:40:31
91490000|0.074|1|2024-04-27 00:40:31
91491000|0.328|1|2024-04-27 00:40:31
91500000|0.029|1|2024-04-27 00:40:31
91511000|0.034|1|2024-04-27 00:40:31
91471000|0.0227|1|2024-04-27 00:40:36
91490000|0.5242|1|2024-04-27 00:40:36
91500000|0.029|1|2024-04-27 00:40:36
91511000|0.034|1|2024-04-27 00:40:36
91516000|0.328|1|2024-04-27 00:40:36
91471000|0.0277|1|2024-04-27 00:40:41
91490000|0.5242|1|2024-04-27 00:40:41
91498000|0.328|1|2024-04-27 00:40:41
91500000|0.029|1|2024-04-27 00:40:41
91514000|0.063|1|2024-04-27 00:40:41
91471000|0.0275|1|2024-04-27 00:40:47
91479000|0.328|1|2024-04-27 00:40:47
91490000|0.5242|1|2024-04-27 00:40:47
91500000|0.029|1|2024-04-27 00:40:47
91514000|0.063|1|2024-04-27 00:40:47
91471000|0.0263|1|2024-04-27 00:40:52
91479000|0.328|1|2024-04-27 00:40:52
91490000|0.5242|1|2024-04-27 00:40:52
91500000|0.029|1|2024-04-27 00:40:52
91514000|0.063|1|2024-04-27 00:40:52
91471000|0.0209|1|2024-04-27 00:40:57
91490000|0.5242|1|2024-04-27 00:40:57
91500000|0.029|1|2024-04-27 00:40:57
91515000|0.063|1|2024-04-27 00:40:57
91516000|0.328|1|2024-04-27 00:40:57
91469000|0.0148|1|2024-04-27 00:41:02
91470000|0.0164|1|2024-04-27 00:41:02
91471000|0.0209|1|2024-04-27 00:41:02
91490000|0.524|1|2024-04-27 00:41:02
91491000|0.057|1|2024-04-27 00:41:02
91428000|0.0175|1|2024-04-27 00:41:07
91430000|0.0111|1|2024-04-27 00:41:07
91470000|0.0142|1|2024-04-27 00:41:07
91471000|0.0762|1|2024-04-27 00:41:07
91481000|0.057|1|2024-04-27 00:41:07
91428000|0.0129|1|2024-04-27 00:41:12
91470000|0.0142|1|2024-04-27 00:41:12
91471000|0.0762|1|2024-04-27 00:41:12
91481000|0.057|1|2024-04-27 00:41:12
91490000|0.524|1|2024-04-27 00:41:12
91413000|0.328|1|2024-04-27 00:41:17
91427000|0.2893|1|2024-04-27 00:41:17
91428000|0.0129|1|2024-04-27 00:41:17
91429000|0.0615|1|2024-04-27 00:41:17
91446000|0.0618|1|2024-04-27 00:41:17
91412000|0.0095|1|2024-04-27 00:41:22
91427000|0.0002|1|2024-04-27 00:41:22
91446000|0.0618|1|2024-04-27 00:41:22
91456000|0.0599|1|2024-04-27 00:41:22
91471000|0.0762|1|2024-04-27 00:41:22
91412000|0.0066|1|2024-04-27 00:41:28
91427000|0.4512|1|2024-04-27 00:41:28
91446000|0.0618|1|2024-04-27 00:41:28
91456000|0.0599|1|2024-04-27 00:41:28
91471000|0.0675|1|2024-04-27 00:41:28
91391000|0.2885|1|2024-04-27 00:41:33
91423000|0.328|1|2024-04-27 00:41:33
91425000|0.0276|1|2024-04-27 00:41:33
91427000|0.4512|1|2024-04-27 00:41:33
91446000|0.0618|1|2024-04-27 00:41:33
91391000|0.0173|1|2024-04-27 00:41:38
91413000|0.328|1|2024-04-27 00:41:38
91427000|0.4512|1|2024-04-27 00:41:38
91446000|0.0618|1|2024-04-27 00:41:38
91456000|0.0599|1|2024-04-27 00:41:38
91391000|0.0173|1|2024-04-27 00:41:43
91413000|0.328|1|2024-04-27 00:41:43
91427000|0.4512|1|2024-04-27 00:41:43
91439000|0.0122|1|2024-04-27 00:41:43
91446000|0.0618|1|2024-04-27 00:41:43
91413000|0.3253|1|2024-04-27 00:41:48
91427000|0.4512|1|2024-04-27 00:41:48
91449000|0.328|1|2024-04-27 00:41:48
91456000|0.0599|1|2024-04-27 00:41:48
91464000|0.484|1|2024-04-27 00:41:48
91427000|0.4512|1|2024-04-27 00:41:53
91432000|0.328|1|2024-04-27 00:41:53
91471000|0.0675|1|2024-04-27 00:41:53
91474000|0.328|1|2024-04-27 00:41:53
91481000|0.057|1|2024-04-27 00:41:53
91412000|0.324|1|2024-04-27 00:41:58
91427000|0.4322|1|2024-04-27 00:41:58
91432000|0.026|1|2024-04-27 00:41:58
91461000|0.0586|1|2024-04-27 00:41:58
91471000|0.0675|1|2024-04-27 00:41:58
91391000|0.0194|1|2024-04-27 00:42:03
91392000|0.328|1|2024-04-27 00:42:03
91427000|0.4322|1|2024-04-27 00:42:03
91437000|0.0631|1|2024-04-27 00:42:03
91450000|0.0626|1|2024-04-27 00:42:03
91425000|0.0369|1|2024-04-27 00:42:09
91426000|0.0218|1|2024-04-27 00:42:09
91427000|1.3397|1|2024-04-27 00:42:09
91431000|0.0573|1|2024-04-27 00:42:09
91450000|1.8626|1|2024-04-27 00:42:09
91417000|0.0001|1|2024-04-27 00:42:14
91420000|0.0844|1|2024-04-27 00:42:14
91422000|0.0534|1|2024-04-27 00:42:14
91425000|0.063|1|2024-04-27 00:42:14
91427000|0.5817|1|2024-04-27 00:42:14
91341000|0.0194|1|2024-04-27 00:42:19
91346000|0.142|1|2024-04-27 00:42:19
91374000|0.0582|1|2024-04-27 00:42:19
91418000|0.0002|1|2024-04-27 00:42:19
91420000|0.065|1|2024-04-27 00:42:19
91251000|0.015|1|2024-04-27 00:42:24
91252000|0.2331|1|2024-04-27 00:42:24
91256000|0.0078|1|2024-04-27 00:42:24
91263000|0.0068|1|2024-04-27 00:42:24
91269000|1.228|1|2024-04-27 00:42:24
91231000|0.0704|1|2024-04-27 00:42:29
91232000|0.0189|1|2024-04-27 00:42:29
91251000|0.8835|1|2024-04-27 00:42:29
91252000|0.2331|1|2024-04-27 00:42:29
91290000|0.3668|1|2024-04-27 00:42:29
91231000|0.0291|1|2024-04-27 00:42:34
91232000|0.142|1|2024-04-27 00:42:34
91290000|1.2668|1|2024-04-27 00:42:34
91309000|0.054|1|2024-04-27 00:42:34
91350000|0.0598|1|2024-04-27 00:42:34
91229000|0.101|1|2024-04-27 00:42:40
91230000|0.0383|1|2024-04-27 00:42:40
91290000|0.367|1|2024-04-27 00:42:40
91296000|0.0308|1|2024-04-27 00:42:40
91309000|0.054|1|2024-04-27 00:42:40
91230000|0.1414|1|2024-04-27 00:42:45
91252000|0.0002|1|2024-04-27 00:42:45
91290000|0.367|1|2024-04-27 00:42:45
91309000|0.054|1|2024-04-27 00:42:45
91330000|0.0015|1|2024-04-27 00:42:45
91229000|0.0633|1|2024-04-27 00:42:50
91230000|0.0999|1|2024-04-27 00:42:50
91231000|0.142|1|2024-04-27 00:42:50
91252000|2.7002|1|2024-04-27 00:42:50
91289000|0.4322|1|2024-04-27 00:42:50
91229000|0.1394|1|2024-04-27 00:42:55
91230000|0.1382|1|2024-04-27 00:42:55
91231000|0.142|1|2024-04-27 00:42:55
91252000|0.0002|1|2024-04-27 00:42:55
91289000|0.4322|1|2024-04-27 00:42:55
91229000|0.0013|1|2024-04-27 00:43:00
91230000|0.1382|1|2024-04-27 00:43:00
91231000|0.142|1|2024-04-27 00:43:00
91252000|0.0002|1|2024-04-27 00:43:00
91282000|0.0633|1|2024-04-27 00:43:00
91228000|0.142|1|2024-04-27 00:43:05
91229000|0.0266|1|2024-04-27 00:43:05
91230000|0.1382|1|2024-04-27 00:43:05
91231000|0.142|1|2024-04-27 00:43:05
91252000|0.0002|1|2024-04-27 00:43:05
91228000|0.1292|1|2024-04-27 00:43:10
91229000|0.0266|1|2024-04-27 00:43:10
91230000|0.0382|1|2024-04-27 00:43:10
91252000|0.0002|1|2024-04-27 00:43:10
91289000|1.3322|1|2024-04-27 00:43:10
91223000|0.0191|1|2024-04-27 00:43:15
91224000|0.051|1|2024-04-27 00:43:15
91225000|0.2053|1|2024-04-27 00:43:15
91226000|0.141|1|2024-04-27 00:43:15
91229000|0.0253|1|2024-04-27 00:43:15
91221000|0.1254|1|2024-04-27 00:43:20
91222000|0.142|1|2024-04-27 00:43:20
91224000|0.4322|1|2024-04-27 00:43:20
91225000|0.0633|1|2024-04-27 00:43:20
91229000|0.0253|1|2024-04-27 00:43:20
91222000|0.1407|1|2024-04-27 00:43:26
91223000|0.142|1|2024-04-27 00:43:26
91224000|0.4322|1|2024-04-27 00:43:26
91225000|0.0633|1|2024-04-27 00:43:26
91229000|0.0253|1|2024-04-27 00:43:26
91194000|0.002|1|2024-04-27 00:43:31
91222000|0.1406|1|2024-04-27 00:43:31
91223000|0.142|1|2024-04-27 00:43:31
91224000|0.4322|1|2024-04-27 00:43:31
91225000|0.0633|1|2024-04-27 00:43:31
91183000|0.0191|1|2024-04-27 00:43:36
91184000|0.0184|1|2024-04-27 00:43:36
91185000|0.142|1|2024-04-27 00:43:36
91194000|0.002|1|2024-04-27 00:43:36
91222000|0.9002|1|2024-04-27 00:43:36
91174000|0.1222|1|2024-04-27 00:43:41
91175000|0.8017|1|2024-04-27 00:43:41
91180000|0.0021|1|2024-04-27 00:43:41
91224000|0.4227|1|2024-04-27 00:43:41
91229000|0.0253|1|2024-04-27 00:43:41
91145000|0.4116|1|2024-04-27 00:43:46
91174000|0.0002|1|2024-04-27 00:43:46
91175000|0.8017|1|2024-04-27 00:43:46
91180000|0.0021|1|2024-04-27 00:43:46
91224000|0.4227|1|2024-04-27 00:43:46
91144000|0.029|1|2024-04-27 00:43:51
91145000|0.4116|1|2024-04-27 00:43:51
91174000|0.0002|1|2024-04-27 00:43:51
91175000|0.8017|1|2024-04-27 00:43:51
91180000|0.0021|1|2024-04-27 00:43:51
91145000|0.3886|1|2024-04-27 00:43:56
91174000|0.0002|1|2024-04-27 00:43:56
91175000|0.8017|1|2024-04-27 00:43:56
91224000|0.4227|1|2024-04-27 00:43:56
91229000|0.0253|1|2024-04-27 00:43:56
91145000|0.141|1|2024-04-27 00:44:01
91174000|0.0002|1|2024-04-27 00:44:01
91175000|0.8017|1|2024-04-27 00:44:01
91224000|0.4227|1|2024-04-27 00:44:01
91229000|0.0253|1|2024-04-27 00:44:01
91144000|0.0996|1|2024-04-27 00:44:07
91145000|0.1711|1|2024-04-27 00:44:07
91174000|0.0002|1|2024-04-27 00:44:07
91175000|0.8028|1|2024-04-27 00:44:07
91224000|0.4227|1|2024-04-27 00:44:07
91129000|0.0014|1|2024-04-27 00:44:12
91143000|0.0862|1|2024-04-27 00:44:12
91145000|0.0618|1|2024-04-27 00:44:12
91155000|0.026|1|2024-04-27 00:44:12
91174000|0.0002|1|2024-04-27 00:44:12
91127000|0.1095|1|2024-04-27 00:44:17
91128000|0.1419|1|2024-04-27 00:44:17
91145000|0.0316|1|2024-04-27 00:44:17
91174000|0.0002|1|2024-04-27 00:44:17
91175000|0.8028|1|2024-04-27 00:44:17
91106000|0.0046|1|2024-04-27 00:44:22
91117000|0.0174|1|2024-04-27 00:44:22
91118000|0.0414|1|2024-04-27 00:44:22
91120000|0.1095|1|2024-04-27 00:44:22
91128000|0.0002|1|2024-04-27 00:44:22
91090000|0.0302|1|2024-04-27 00:44:27
91099000|3.1211|1|2024-04-27 00:44:27
91100000|0.0229|1|2024-04-27 00:44:27
91105000|0.1097|1|2024-04-27 00:44:27
91128000|0.0002|1|2024-04-27 00:44:27
91090000|0.122|1|2024-04-27 00:44:32
91098000|0.1061|1|2024-04-27 00:44:32
91099000|0.9065|1|2024-04-27 00:44:32
91105000|0.0002|1|2024-04-27 00:44:32
91124000|0.0303|1|2024-04-27 00:44:32
91089000|0.2453|1|2024-04-27 00:44:37
91090000|0.119|1|2024-04-27 00:44:37
91091000|0.142|1|2024-04-27 00:44:37
91099000|0.0065|1|2024-04-27 00:44:37
91105000|0.0002|1|2024-04-27 00:44:37
91050000|0.0056|1|2024-04-27 00:44:42
91074000|0.0629|1|2024-04-27 00:44:42
91075000|0.142|1|2024-04-27 00:44:42
91089000|0.0002|1|2024-04-27 00:44:42
91099000|0.0002|1|2024-04-27 00:44:42
91144000|0.0593|1|2024-04-27 00:44:48
91145000|0.0294|1|2024-04-27 00:44:48
91170000|0.0001|1|2024-04-27 00:44:48
91174000|0.1135|1|2024-04-27 00:44:48
91175000|0.8028|1|2024-04-27 00:44:48
91050000|1.5706|1|2024-04-27 00:44:53
91096000|0.0626|1|2024-04-27 00:44:53
91142000|0.0368|1|2024-04-27 00:44:53
91143000|0.142|1|2024-04-27 00:44:53
91144000|0.1918|1|2024-04-27 00:44:53
91042000|0.005|1|2024-04-27 00:44:58
91045000|0.0206|1|2024-04-27 00:44:58
91046000|0.038|1|2024-04-27 00:44:58
91047000|0.0016|1|2024-04-27 00:44:58
91048000|0.0021|1|2024-04-27 00:44:58
91032000|0.0247|1|2024-04-27 00:45:03
91047000|0.0531|1|2024-04-27 00:45:03
91048000|0.0021|1|2024-04-27 00:45:03
91050000|1.3333|1|2024-04-27 00:45:03
91052000|0.0082|1|2024-04-27 00:45:03
91032000|0.1293|1|2024-04-27 00:45:08
91047000|0.0531|1|2024-04-27 00:45:08
91048000|0.0021|1|2024-04-27 00:45:08
