price|quantity|type|timestamp
91398000|0.0004|1|2024-04-28 00:00:03.177765
91399000|0.5508|1|2024-04-28 00:00:03.177765
91400000|0.0002|1|2024-04-28 00:00:03.177765
91421000|0.01|1|2024-04-28 00:00:03.177765
91425000|0.0004|1|2024-04-28 00:00:03.177765
91398000|0.0003|1|2024-04-28 00:00:08.306837
91399000|0.5508|1|2024-04-28 00:00:08.306837
91400000|0.0002|1|2024-04-28 00:00:08.306837
91421000|0.01|1|2024-04-28 00:00:08.306837
91425000|0.0004|1|2024-04-28 00:00:08.306837
91398000|0.0001|1|2024-04-28 00:00:13.418080
91399000|0.5508|1|2024-04-28 00:00:13.418080
91400000|0.0002|1|2024-04-28 00:00:13.418080
91421000|0.01|1|2024-04-28 00:00:13.418080
91425000|0.0004|1|2024-04-28 00:00:13.418080
91398000|0.0001|1|2024-04-28 00:00:18.618953
91399000|0.5508|1|2024-04-28 00:00:18.618953
91400000|0.0002|1|2024-04-28 00:00:18.618953
91421000|0.01|1|2024-04-28 00:00:18.618953
91425000|0.0004|1|2024-04-28 00:00:18.618953
91399000|0.4386|1|2024-04-28 00:00:23.768386
91400000|0.0002|1|2024-04-28 00:00:23.768386
91421000|0.01|1|2024-04-28 00:00:23.768386
91425000|0.0004|1|2024-04-28 00:00:23.768386
91430000|0.01|1|2024-04-28 00:00:23.768386
91399000|0.3907|1|2024-04-28 00:00:28.916178
91400000|0.0002|1|2024-04-28 00:00:28.916178
91421000|0.01|1|2024-04-28 00:00:28.916178
91425000|0.0004|1|2024-04-28 00:00:28.916178
91430000|0.01|1|2024-04-28 00:00:28.916178
91399000|0.3805|1|2024-04-28 00:00:34.078469
91400000|0.0002|1|2024-04-28 00:00:34.078469
91414000|0.0094|1|2024-04-28 00:00:34.078469
91421000|0.01|1|2024-04-28 00:00:34.078469
91425000|0.0004|1|2024-04-28 00:00:34.078469
91399000|0.3593|1|2024-04-28 00:00:39.197831
91400000|0.0002|1|2024-04-28 00:00:39.197831
91403000|0.0094|1|2024-04-28 00:00:39.197831
91421000|0.01|1|2024-04-28 00:00:39.197831
91425000|0.0004|1|2024-04-28 00:00:39.197831
91399000|0.0078|1|2024-04-28 00:00:44.332064
91400000|0.0002|1|2024-04-28 00:00:44.332064
91420000|0.0094|1|2024-04-28 00:00:44.332064
91421000|0.01|1|2024-04-28 00:00:44.332064
91425000|0.0004|1|2024-04-28 00:00:44.332064
91447000|0.0011|1|2024-04-28 00:00:49.453751
91453000|0.0003|1|2024-04-28 00:00:49.453751
91454000|0.0002|1|2024-04-28 00:00:49.453751
91460000|0.0001|1|2024-04-28 00:00:49.453751
91463000|0.0002|1|2024-04-28 00:00:49.453751
91447000|0.001|1|2024-04-28 00:00:54.584374
91453000|0.0003|1|2024-04-28 00:00:54.584374
91454000|0.0002|1|2024-04-28 00:00:54.584374
91460000|0.0001|1|2024-04-28 00:00:54.584374
91463000|0.0002|1|2024-04-28 00:00:54.584374
91453000|0.0002|1|2024-04-28 00:00:59.729154
91454000|0.0002|1|2024-04-28 00:00:59.729154
91460000|0.0001|1|2024-04-28 00:00:59.729154
91463000|0.0002|1|2024-04-28 00:00:59.729154
91465000|0.0019|1|2024-04-28 00:00:59.729154
91460000|0.0038|1|2024-04-28 00:01:04.920355
91465000|0.001|1|2024-04-28 00:01:04.920355
91470000|0.001|1|2024-04-28 00:01:04.920355
91477000|0.0195|1|2024-04-28 00:01:04.920355
91480000|0.0133|1|2024-04-28 00:01:04.920355
91470000|0.0006|1|2024-04-28 00:01:10.054109
91477000|0.0195|1|2024-04-28 00:01:10.054109
91480000|0.0133|1|2024-04-28 00:01:10.054109
91481000|0.0001|1|2024-04-28 00:01:10.054109
91485000|0.0001|1|2024-04-28 00:01:10.054109
91438000|0.0001|1|2024-04-28 00:01:15.162686
91470000|0.0002|1|2024-04-28 00:01:15.162686
91477000|0.0195|1|2024-04-28 00:01:15.162686
91480000|0.0133|1|2024-04-28 00:01:15.162686
91481000|0.0001|1|2024-04-28 00:01:15.162686
91470000|0.0025|1|2024-04-28 00:01:20.316597
91477000|0.0195|1|2024-04-28 00:01:20.316597
91480000|0.0133|1|2024-04-28 00:01:20.316597
91481000|0.0001|1|2024-04-28 00:01:20.316597
91485000|0.0001|1|2024-04-28 00:01:20.316597
91470000|0.0015|1|2024-04-28 00:01:25.447626
91477000|0.0195|1|2024-04-28 00:01:25.447626
91480000|0.0133|1|2024-04-28 00:01:25.447626
91481000|0.0001|1|2024-04-28 00:01:25.447626
91485000|0.0001|1|2024-04-28 00:01:25.447626
91470000|0.0005|1|2024-04-28 00:01:30.563272
91477000|0.0195|1|2024-04-28 00:01:30.563272
91480000|0.0133|1|2024-04-28 00:01:30.563272
91481000|0.0001|1|2024-04-28 00:01:30.563272
91485000|0.0001|1|2024-04-28 00:01:30.563272
91470000|0.0005|1|2024-04-28 00:01:35.676928
91477000|0.0195|1|2024-04-28 00:01:35.676928
91480000|0.0133|1|2024-04-28 00:01:35.676928
91481000|0.0001|1|2024-04-28 00:01:35.676928
91485000|0.0001|1|2024-04-28 00:01:35.676928
91477000|0.0189|1|2024-04-28 00:01:40.853741
91480000|0.0133|1|2024-04-28 00:01:40.853741
91481000|0.0001|1|2024-04-28 00:01:40.853741
91485000|0.0001|1|2024-04-28 00:01:40.853741
91487000|0.0002|1|2024-04-28 00:01:40.853741
91477000|0.0189|1|2024-04-28 00:01:45.970742
91480000|0.0133|1|2024-04-28 00:01:45.970742
91481000|0.0001|1|2024-04-28 00:01:45.970742
91485000|0.0001|1|2024-04-28 00:01:45.970742
91487000|0.0002|1|2024-04-28 00:01:45.970742
91480000|0.0116|1|2024-04-28 00:01:51.077847
91481000|0.0001|1|2024-04-28 00:01:51.077847
91485000|0.0001|1|2024-04-28 00:01:51.077847
91487000|0.0002|1|2024-04-28 00:01:51.077847
91490000|0.0326|1|2024-04-28 00:01:51.077847
91480000|0.0054|1|2024-04-28 00:01:56.199276
91481000|0.0001|1|2024-04-28 00:01:56.199276
91485000|0.0001|1|2024-04-28 00:01:56.199276
91487000|0.0002|1|2024-04-28 00:01:56.199276
91490000|0.0326|1|2024-04-28 00:01:56.199276
91490000|0.0263|1|2024-04-28 00:02:01.309269
91491000|0.0001|1|2024-04-28 00:02:01.309269
91493000|0.006|1|2024-04-28 00:02:01.309269
91495000|0.0124|1|2024-04-28 00:02:01.309269
91498000|0.0003|1|2024-04-28 00:02:01.309269
91490000|0.0263|1|2024-04-28 00:02:06.445537
91491000|0.0001|1|2024-04-28 00:02:06.445537
91493000|0.006|1|2024-04-28 00:02:06.445537
91495000|0.0124|1|2024-04-28 00:02:06.445537
91498000|0.0003|1|2024-04-28 00:02:06.445537
91490000|0.0263|1|2024-04-28 00:02:11.568481
91491000|0.0001|1|2024-04-28 00:02:11.568481
91493000|0.006|1|2024-04-28 00:02:11.568481
91495000|0.0124|1|2024-04-28 00:02:11.568481
91498000|0.0003|1|2024-04-28 00:02:11.568481
91490000|0.0263|1|2024-04-28 00:02:16.681615
91491000|0.0001|1|2024-04-28 00:02:16.681615
91493000|0.006|1|2024-04-28 00:02:16.681615
91495000|0.0124|1|2024-04-28 00:02:16.681615
91498000|0.0003|1|2024-04-28 00:02:16.681615
91490000|0.0263|1|2024-04-28 00:02:21.790941
91491000|0.0001|1|2024-04-28 00:02:21.790941
91493000|0.006|1|2024-04-28 00:02:21.790941
91495000|0.0124|1|2024-04-28 00:02:21.790941
91498000|0.0003|1|2024-04-28 00:02:21.790941
91490000|0.013|1|2024-04-28 00:02:26.905514
91491000|0.0001|1|2024-04-28 00:02:26.905514
91493000|0.006|1|2024-04-28 00:02:26.905514
91495000|0.0124|1|2024-04-28 00:02:26.905514
91498000|0.0003|1|2024-04-28 00:02:26.905514
91487000|0.002|1|2024-04-28 00:02:32.014720
91490000|0.0129|1|2024-04-28 00:02:32.014720
91491000|0.0001|1|2024-04-28 00:02:32.014720
91493000|0.006|1|2024-04-28 00:02:32.014720
91495000|0.0124|1|2024-04-28 00:02:32.014720
91487000|0.1182|1|2024-04-28 00:02:37.155322
91488000|0.316|1|2024-04-28 00:02:37.155322
91490000|0.0129|1|2024-04-28 00:02:37.155322
91491000|0.0001|1|2024-04-28 00:02:37.155322
91493000|0.006|1|2024-04-28 00:02:37.155322
91490000|0.122|1|2024-04-28 00:02:42.262821
91491000|0.0001|1|2024-04-28 00:02:42.262821
91493000|0.006|1|2024-04-28 00:02:42.262821
91495000|0.0124|1|2024-04-28 00:02:42.262821
91498000|0.0003|1|2024-04-28 00:02:42.262821
91487000|0.0002|1|2024-04-28 00:02:47.373170
91490000|0.122|1|2024-04-28 00:02:47.373170
91491000|0.0001|1|2024-04-28 00:02:47.373170
91493000|0.006|1|2024-04-28 00:02:47.373170
91495000|0.0124|1|2024-04-28 00:02:47.373170
91490000|0.1221|1|2024-04-28 00:02:52.522732
91491000|0.0001|1|2024-04-28 00:02:52.522732
91493000|0.006|1|2024-04-28 00:02:52.522732
91495000|0.0124|1|2024-04-28 00:02:52.522732
91498000|0.1185|1|2024-04-28 00:02:52.522732
91489000|0.0001|1|2024-04-28 00:02:57.648053
91490000|0.122|1|2024-04-28 00:02:57.648053
91491000|0.0001|1|2024-04-28 00:02:57.648053
91493000|0.006|1|2024-04-28 00:02:57.648053
91494000|0.1184|1|2024-04-28 00:02:57.648053
91490000|0.0864|1|2024-04-28 00:03:02.771202
91491000|0.0001|1|2024-04-28 00:03:02.771202
91493000|0.006|1|2024-04-28 00:03:02.771202
91494000|0.0002|1|2024-04-28 00:03:02.771202
91495000|0.0124|1|2024-04-28 00:03:02.771202
91450000|0.0021|1|2024-04-28 00:03:07.885501
91451000|0.0141|1|2024-04-28 00:03:07.885501
91489000|0.1015|1|2024-04-28 00:03:07.885501
91490000|0.0804|1|2024-04-28 00:03:07.885501
91491000|0.0001|1|2024-04-28 00:03:07.885501
91449000|0.0021|1|2024-04-28 00:03:13.016457
91470000|0.314|1|2024-04-28 00:03:13.016457
91471000|0.0001|1|2024-04-28 00:03:13.016457
91490000|0.0804|1|2024-04-28 00:03:13.016457
91491000|0.0001|1|2024-04-28 00:03:13.016457
91449000|0.0009|1|2024-04-28 00:03:18.143284
91471000|0.0001|1|2024-04-28 00:03:18.143284
91491000|0.0001|1|2024-04-28 00:03:18.143284
91492000|0.314|1|2024-04-28 00:03:18.143284
91493000|0.006|1|2024-04-28 00:03:18.143284
91449000|0.0009|1|2024-04-28 00:03:23.267349
91471000|0.0001|1|2024-04-28 00:03:23.267349
91491000|0.0001|1|2024-04-28 00:03:23.267349
91493000|0.006|1|2024-04-28 00:03:23.267349
91494000|0.1177|1|2024-04-28 00:03:23.267349
91448000|0.002|1|2024-04-28 00:03:28.394041
91449000|0.0009|1|2024-04-28 00:03:28.394041
91471000|0.0001|1|2024-04-28 00:03:28.394041
91491000|0.0001|1|2024-04-28 00:03:28.394041
91493000|0.006|1|2024-04-28 00:03:28.394041
91449000|0.0009|1|2024-04-28 00:03:33.511416
91471000|0.0001|1|2024-04-28 00:03:33.511416
91491000|0.0001|1|2024-04-28 00:03:33.511416
91493000|0.006|1|2024-04-28 00:03:33.511416
91494000|0.1177|1|2024-04-28 00:03:33.511416
91471000|0.0|1|2024-04-28 00:03:38.621818
91485000|0.1175|1|2024-04-28 00:03:38.621818
91486000|0.314|1|2024-04-28 00:03:38.621818
91491000|0.0001|1|2024-04-28 00:03:38.621818
91493000|0.006|1|2024-04-28 00:03:38.621818
91471000|0.0|1|2024-04-28 00:03:43.730303
91486000|0.314|1|2024-04-28 00:03:43.730303
91491000|0.0001|1|2024-04-28 00:03:43.730303
91493000|0.006|1|2024-04-28 00:03:43.730303
91494000|0.0002|1|2024-04-28 00:03:43.730303
91471000|0.0|1|2024-04-28 00:03:48.893543
91485000|0.0019|1|2024-04-28 00:03:48.893543
91486000|0.314|1|2024-04-28 00:03:48.893543
91491000|0.0001|1|2024-04-28 00:03:48.893543
91493000|0.006|1|2024-04-28 00:03:48.893543
91440000|0.2687|1|2024-04-28 00:03:54.003744
91471000|0.0|1|2024-04-28 00:03:54.003744
91485000|0.0019|1|2024-04-28 00:03:54.003744
91486000|0.314|1|2024-04-28 00:03:54.003744
91491000|0.0001|1|2024-04-28 00:03:54.003744
91440000|0.269|1|2024-04-28 00:03:59.140151
91471000|0.0|1|2024-04-28 00:03:59.140151
91485000|0.0019|1|2024-04-28 00:03:59.140151
91486000|0.314|1|2024-04-28 00:03:59.140151
91491000|0.0001|1|2024-04-28 00:03:59.140151
91439000|0.0001|1|2024-04-28 00:04:04.266159
91440000|0.0003|1|2024-04-28 00:04:04.266159
91471000|0.0|1|2024-04-28 00:04:04.266159
91485000|0.1202|1|2024-04-28 00:04:04.266159
91486000|0.314|1|2024-04-28 00:04:04.266159
91486000|0.314|1|2024-04-28 00:04:09.373959
91491000|0.0101|1|2024-04-28 00:04:09.373959
91493000|0.006|1|2024-04-28 00:04:09.373959
91494000|0.0002|1|2024-04-28 00:04:09.373959
91495000|0.0224|1|2024-04-28 00:04:09.373959
91491000|0.0101|1|2024-04-28 00:04:14.511753
91493000|0.006|1|2024-04-28 00:04:14.511753
91494000|0.0002|1|2024-04-28 00:04:14.511753
91495000|0.0224|1|2024-04-28 00:04:14.511753
91498000|0.0003|1|2024-04-28 00:04:14.511753
91491000|0.0101|1|2024-04-28 00:04:19.625275
91493000|0.006|1|2024-04-28 00:04:19.625275
91494000|0.0002|1|2024-04-28 00:04:19.625275
91495000|0.0224|1|2024-04-28 00:04:19.625275
91498000|0.0003|1|2024-04-28 00:04:19.625275
91491000|0.012|1|2024-04-28 00:04:24.755409
91493000|0.006|1|2024-04-28 00:04:24.755409
91494000|0.0002|1|2024-04-28 00:04:24.755409
91495000|0.0224|1|2024-04-28 00:04:24.755409
91498000|0.0003|1|2024-04-28 00:04:24.755409
91500000|0.127|1|2024-04-28 00:04:29.864291
91501000|0.0025|1|2024-04-28 00:04:29.864291
91510000|0.002|1|2024-04-28 00:04:29.864291
91512000|0.0006|1|2024-04-28 00:04:29.864291
91518000|0.0001|1|2024-04-28 00:04:29.864291
91500000|0.127|1|2024-04-28 00:04:34.972102
91501000|0.0025|1|2024-04-28 00:04:34.972102
91510000|0.002|1|2024-04-28 00:04:34.972102
91512000|0.0006|1|2024-04-28 00:04:34.972102
91518000|0.0001|1|2024-04-28 00:04:34.972102
91500000|0.1206|1|2024-04-28 00:04:40.119186
91501000|0.0025|1|2024-04-28 00:04:40.119186
91510000|0.002|1|2024-04-28 00:04:40.119186
91512000|0.0006|1|2024-04-28 00:04:40.119186
91518000|0.0001|1|2024-04-28 00:04:40.119186
91500000|0.1128|1|2024-04-28 00:04:45.280609
91501000|0.0025|1|2024-04-28 00:04:45.280609
91510000|0.002|1|2024-04-28 00:04:45.280609
91512000|0.0006|1|2024-04-28 00:04:45.280609
91518000|0.0101|1|2024-04-28 00:04:45.280609
91500000|0.0999|1|2024-04-28 00:04:50.409485
91501000|0.0025|1|2024-04-28 00:04:50.409485
91510000|0.002|1|2024-04-28 00:04:50.409485
91512000|0.0006|1|2024-04-28 00:04:50.409485
91518000|0.0101|1|2024-04-28 00:04:50.409485
91500000|0.0999|1|2024-04-28 00:04:55.518768
91501000|0.0025|1|2024-04-28 00:04:55.518768
91510000|0.002|1|2024-04-28 00:04:55.518768
91512000|0.0006|1|2024-04-28 00:04:55.518768
91518000|0.0101|1|2024-04-28 00:04:55.518768
91530000|0.0012|1|2024-04-28 00:05:00.669373
91533000|0.001|1|2024-04-28 00:05:00.669373
91534000|0.314|1|2024-04-28 00:05:00.669373
91536000|0.0017|1|2024-04-28 00:05:00.669373
91539000|0.0028|1|2024-04-28 00:05:00.669373
91530000|0.0014|1|2024-04-28 00:05:05.791893
91533000|0.001|1|2024-04-28 00:05:05.791893
91534000|0.314|1|2024-04-28 00:05:05.791893
91536000|0.0017|1|2024-04-28 00:05:05.791893
91539000|0.0028|1|2024-04-28 00:05:05.791893
91529000|0.0|1|2024-04-28 00:05:10.904759
91530000|0.0012|1|2024-04-28 00:05:10.904759
91532000|0.0|1|2024-04-28 00:05:10.904759
91533000|0.001|1|2024-04-28 00:05:10.904759
91534000|0.314|1|2024-04-28 00:05:10.904759
91527000|0.002|1|2024-04-28 00:05:16.053584
91528000|0.0001|1|2024-04-28 00:05:16.053584
91530000|0.1103|1|2024-04-28 00:05:16.053584
91532000|0.0|1|2024-04-28 00:05:16.053584
91533000|0.001|1|2024-04-28 00:05:16.053584
91526000|0.0021|1|2024-04-28 00:05:21.253309
91530000|0.0012|1|2024-04-28 00:05:21.253309
91532000|0.0|1|2024-04-28 00:05:21.253309
91533000|0.001|1|2024-04-28 00:05:21.253309
91534000|0.01|1|2024-04-28 00:05:21.253309
91512000|0.3141|1|2024-04-28 00:05:26.360406
91525000|0.002|1|2024-04-28 00:05:26.360406
91530000|0.0012|1|2024-04-28 00:05:26.360406
91532000|0.0|1|2024-04-28 00:05:26.360406
91533000|0.001|1|2024-04-28 00:05:26.360406
91511000|0.0001|1|2024-04-28 00:05:31.497676
91512000|0.314|1|2024-04-28 00:05:31.497676
91529000|0.045|1|2024-04-28 00:05:31.497676
91530000|0.0012|1|2024-04-28 00:05:31.497676
91532000|0.0|1|2024-04-28 00:05:31.497676
91511000|0.0001|1|2024-04-28 00:05:36.639803
91512000|0.4558|1|2024-04-28 00:05:36.639803
91526000|0.045|1|2024-04-28 00:05:36.639803
91530000|0.1103|1|2024-04-28 00:05:36.639803
91532000|0.0|1|2024-04-28 00:05:36.639803
91510000|0.1995|1|2024-04-28 00:05:41.770312
91511000|0.3141|1|2024-04-28 00:05:41.770312
91526000|0.045|1|2024-04-28 00:05:41.770312
91530000|0.0012|1|2024-04-28 00:05:41.770312
91531000|0.314|1|2024-04-28 00:05:41.770312
91510000|0.1519|1|2024-04-28 00:05:46.895976
91511000|0.3141|1|2024-04-28 00:05:46.895976
91526000|0.045|1|2024-04-28 00:05:46.895976
91530000|0.1204|1|2024-04-28 00:05:46.895976
91531000|0.314|1|2024-04-28 00:05:46.895976
91501000|0.0011|1|2024-04-28 00:05:52.026411
91510000|0.1151|1|2024-04-28 00:05:52.026411
91511000|0.3141|1|2024-04-28 00:05:52.026411
91526000|0.045|1|2024-04-28 00:05:52.026411
91530000|0.0112|1|2024-04-28 00:05:52.026411
91500000|0.1152|1|2024-04-28 00:05:57.145511
91511000|0.3141|1|2024-04-28 00:05:57.145511
91526000|0.045|1|2024-04-28 00:05:57.145511
91530000|0.0112|1|2024-04-28 00:05:57.145511
91531000|0.314|1|2024-04-28 00:05:57.145511
91500000|0.115|1|2024-04-28 00:06:02.271847
91511000|0.3141|1|2024-04-28 00:06:02.271847
91526000|0.045|1|2024-04-28 00:06:02.271847
91530000|0.1203|1|2024-04-28 00:06:02.271847
91531000|0.314|1|2024-04-28 00:06:02.271847
91500000|0.1172|1|2024-04-28 00:06:07.382455
91510000|0.0002|1|2024-04-28 00:06:07.382455
91511000|0.3141|1|2024-04-28 00:06:07.382455
91525000|0.1092|1|2024-04-28 00:06:07.382455
91530000|0.0112|1|2024-04-28 00:06:07.382455
91510000|0.0002|1|2024-04-28 00:06:12.507527
91511000|0.3141|1|2024-04-28 00:06:12.507527
91530000|0.0112|1|2024-04-28 00:06:12.507527
91532000|0.0|1|2024-04-28 00:06:12.507527
91533000|0.001|1|2024-04-28 00:06:12.507527
91509000|0.002|1|2024-04-28 00:06:17.624265
91510000|0.0002|1|2024-04-28 00:06:17.624265
91511000|0.0001|1|2024-04-28 00:06:17.624265
91525000|0.314|1|2024-04-28 00:06:17.624265
91530000|0.0112|1|2024-04-28 00:06:17.624265
91511000|0.002|1|2024-04-28 00:06:22.781105
91525000|0.314|1|2024-04-28 00:06:22.781105
91530000|0.0112|1|2024-04-28 00:06:22.781105
91532000|0.0|1|2024-04-28 00:06:22.781105
91533000|0.001|1|2024-04-28 00:06:22.781105
91525000|0.314|1|2024-04-28 00:06:27.892811
91530000|0.0112|1|2024-04-28 00:06:27.892811
91532000|0.0|1|2024-04-28 00:06:27.892811
91533000|0.001|1|2024-04-28 00:06:27.892811
91536000|0.0017|1|2024-04-28 00:06:27.892811
91525000|0.3142|1|2024-04-28 00:06:33.002537
91530000|0.0112|1|2024-04-28 00:06:33.002537
91532000|0.0|1|2024-04-28 00:06:33.002537
91533000|0.001|1|2024-04-28 00:06:33.002537
91536000|0.0017|1|2024-04-28 00:06:33.002537
91525000|0.3109|1|2024-04-28 00:06:38.117193
91530000|0.0112|1|2024-04-28 00:06:38.117193
91532000|0.0|1|2024-04-28 00:06:38.117193
91533000|0.001|1|2024-04-28 00:06:38.117193
91536000|0.0017|1|2024-04-28 00:06:38.117193
91524000|0.002|1|2024-04-28 00:06:43.232263
91525000|0.3109|1|2024-04-28 00:06:43.232263
91530000|0.0112|1|2024-04-28 00:06:43.232263
91532000|0.0|1|2024-04-28 00:06:43.232263
91533000|0.001|1|2024-04-28 00:06:43.232263
91523000|0.0001|1|2024-04-28 00:06:48.355211
91525000|0.3109|1|2024-04-28 00:06:48.355211
91530000|0.0112|1|2024-04-28 00:06:48.355211
91532000|0.0|1|2024-04-28 00:06:48.355211
91533000|0.001|1|2024-04-28 00:06:48.355211
91525000|0.311|1|2024-04-28 00:06:53.478876
91530000|0.0112|1|2024-04-28 00:06:53.478876
91532000|0.0|1|2024-04-28 00:06:53.478876
91533000|0.001|1|2024-04-28 00:06:53.478876
91536000|0.0017|1|2024-04-28 00:06:53.478876
91524000|0.0021|1|2024-04-28 00:06:58.593207
91525000|0.3109|1|2024-04-28 00:06:58.593207
91530000|0.0112|1|2024-04-28 00:06:58.593207
91532000|0.0|1|2024-04-28 00:06:58.593207
91533000|0.001|1|2024-04-28 00:06:58.593207
91524000|0.0021|1|2024-04-28 00:07:03.747806
91525000|0.3109|1|2024-04-28 00:07:03.747806
91530000|0.0112|1|2024-04-28 00:07:03.747806
91532000|0.0|1|2024-04-28 00:07:03.747806
91533000|0.001|1|2024-04-28 00:07:03.747806
91525000|0.3098|1|2024-04-28 00:07:08.857945
91530000|0.0112|1|2024-04-28 00:07:08.857945
91532000|0.0|1|2024-04-28 00:07:08.857945
91533000|0.001|1|2024-04-28 00:07:08.857945
91536000|0.0017|1|2024-04-28 00:07:08.857945
91524000|0.0001|1|2024-04-28 00:07:13.968783
91525000|0.3088|1|2024-04-28 00:07:13.968783
91530000|0.0112|1|2024-04-28 00:07:13.968783
91532000|0.0|1|2024-04-28 00:07:13.968783
91533000|0.001|1|2024-04-28 00:07:13.968783
91523000|0.001|1|2024-04-28 00:07:19.130418
91524000|0.01|1|2024-04-28 00:07:19.130418
91530000|0.0112|1|2024-04-28 00:07:19.130418
91532000|0.0|1|2024-04-28 00:07:19.130418
91533000|0.001|1|2024-04-28 00:07:19.130418
91524000|0.01|1|2024-04-28 00:07:24.240245
91530000|0.0112|1|2024-04-28 00:07:24.240245
91532000|0.314|1|2024-04-28 00:07:24.240245
91533000|0.001|1|2024-04-28 00:07:24.240245
91536000|0.0017|1|2024-04-28 00:07:24.240245
91523000|0.002|1|2024-04-28 00:07:29.380595
91524000|0.0101|1|2024-04-28 00:07:29.380595
91530000|0.0112|1|2024-04-28 00:07:29.380595
91532000|0.314|1|2024-04-28 00:07:29.380595
91533000|0.001|1|2024-04-28 00:07:29.380595
91522000|0.002|1|2024-04-28 00:07:34.503281
91524000|0.0099|1|2024-04-28 00:07:34.503281
91529000|0.1095|1|2024-04-28 00:07:34.503281
91530000|0.0112|1|2024-04-28 00:07:34.503281
91532000|0.314|1|2024-04-28 00:07:34.503281
91523000|0.002|1|2024-04-28 00:07:39.634347
91524000|0.0099|1|2024-04-28 00:07:39.634347
91530000|0.0112|1|2024-04-28 00:07:39.634347
91532000|0.0|1|2024-04-28 00:07:39.634347
91533000|0.001|1|2024-04-28 00:07:39.634347
91524000|0.0099|1|2024-04-28 00:07:44.753412
91530000|0.0112|1|2024-04-28 00:07:44.753412
91532000|0.0|1|2024-04-28 00:07:44.753412
91533000|0.001|1|2024-04-28 00:07:44.753412
91536000|0.0017|1|2024-04-28 00:07:44.753412
91524000|0.01|1|2024-04-28 00:07:49.860435
91525000|0.0637|1|2024-04-28 00:07:49.860435
91526000|0.1092|1|2024-04-28 00:07:49.860435
91529000|0.314|1|2024-04-28 00:07:49.860435
91530000|0.0112|1|2024-04-28 00:07:49.860435
91505000|0.002|1|2024-04-28 00:07:55.023422
91506000|0.314|1|2024-04-28 00:07:55.023422
91518000|0.1092|1|2024-04-28 00:07:55.023422
91520000|0.045|1|2024-04-28 00:07:55.023422
91524000|0.0099|1|2024-04-28 00:07:55.023422
91504000|0.0021|1|2024-04-28 00:08:00.131894
91506000|0.314|1|2024-04-28 00:08:00.131894
91516000|0.5055|1|2024-04-28 00:08:00.131894
91518000|0.1092|1|2024-04-28 00:08:00.131894
91520000|0.045|1|2024-04-28 00:08:00.131894
91503000|0.002|1|2024-04-28 00:08:05.278245
91506000|0.314|1|2024-04-28 00:08:05.278245
91516000|0.5055|1|2024-04-28 00:08:05.278245
91517000|0.1092|1|2024-04-28 00:08:05.278245
91524000|0.0099|1|2024-04-28 00:08:05.278245
91505000|0.0001|1|2024-04-28 00:08:10.385471
91506000|0.314|1|2024-04-28 00:08:10.385471
91516000|0.5055|1|2024-04-28 00:08:10.385471
91517000|0.1092|1|2024-04-28 00:08:10.385471
91524000|0.0099|1|2024-04-28 00:08:10.385471
91503000|0.002|1|2024-04-28 00:08:15.528636
91504000|0.0001|1|2024-04-28 00:08:15.528636
91506000|0.314|1|2024-04-28 00:08:15.528636
91516000|0.5055|1|2024-04-28 00:08:15.528636
91517000|0.1092|1|2024-04-28 00:08:15.528636
91502000|0.0021|1|2024-04-28 00:08:20.657577
91516000|0.5055|1|2024-04-28 00:08:20.657577
91524000|0.0099|1|2024-04-28 00:08:20.657577
91529000|0.314|1|2024-04-28 00:08:20.657577
91530000|0.0112|1|2024-04-28 00:08:20.657577
91500000|0.0067|1|2024-04-28 00:08:25.791907
91514000|0.002|1|2024-04-28 00:08:25.791907
91515000|0.0579|1|2024-04-28 00:08:25.791907
91516000|0.5057|1|2024-04-28 00:08:25.791907
91519000|0.314|1|2024-04-28 00:08:25.791907
91499000|0.0021|1|2024-04-28 00:08:30.902236
91500000|0.0067|1|2024-04-28 00:08:30.902236
91515000|0.0579|1|2024-04-28 00:08:30.902236
91516000|0.5057|1|2024-04-28 00:08:30.902236
91519000|0.4232|1|2024-04-28 00:08:30.902236
91500000|0.0033|1|2024-04-28 00:08:36.006861
91515000|0.0579|1|2024-04-28 00:08:36.006861
91516000|0.5057|1|2024-04-28 00:08:36.006861
91519000|0.314|1|2024-04-28 00:08:36.006861
91524000|0.0099|1|2024-04-28 00:08:36.006861
91500000|0.0033|1|2024-04-28 00:08:41.126749
91515000|0.0578|1|2024-04-28 00:08:41.126749
91516000|0.5057|1|2024-04-28 00:08:41.126749
91519000|0.4231|1|2024-04-28 00:08:41.126749
91524000|0.0099|1|2024-04-28 00:08:41.126749
91499000|0.0001|1|2024-04-28 00:08:46.241164
91500000|0.0032|1|2024-04-28 00:08:46.241164
91515000|0.0578|1|2024-04-28 00:08:46.241164
91516000|0.5057|1|2024-04-28 00:08:46.241164
91519000|0.4231|1|2024-04-28 00:08:46.241164
91485000|0.002|1|2024-04-28 00:08:51.370823
91486000|0.264|1|2024-04-28 00:08:51.370823
91500000|0.0032|1|2024-04-28 00:08:51.370823
91502000|0.314|1|2024-04-28 00:08:51.370823
91516000|0.5057|1|2024-04-28 00:08:51.370823
91484000|0.0021|1|2024-04-28 00:08:56.505692
91486000|0.2724|1|2024-04-28 00:08:56.505692
91500000|0.0032|1|2024-04-28 00:08:56.505692
91502000|0.314|1|2024-04-28 00:08:56.505692
91516000|0.5057|1|2024-04-28 00:08:56.505692
91483000|0.0001|1|2024-04-28 00:09:01.610720
91486000|0.0084|1|2024-04-28 00:09:01.610720
91500000|0.0032|1|2024-04-28 00:09:01.610720
91516000|0.0002|1|2024-04-28 00:09:01.610720
91520000|0.005|1|2024-04-28 00:09:01.610720
91457000|0.1366|1|2024-04-28 00:09:06.720401
91482000|0.0001|1|2024-04-28 00:09:06.720401
91486000|0.003|1|2024-04-28 00:09:06.720401
91500000|0.0032|1|2024-04-28 00:09:06.720401
91516000|0.0002|1|2024-04-28 00:09:06.720401
91454000|0.002|1|2024-04-28 00:09:11.827409
91455000|0.001|1|2024-04-28 00:09:11.827409
91486000|0.003|1|2024-04-28 00:09:11.827409
91500000|0.0032|1|2024-04-28 00:09:11.827409
91516000|0.0002|1|2024-04-28 00:09:11.827409
91451000|0.0231|1|2024-04-28 00:09:16.946536
91486000|0.003|1|2024-04-28 00:09:16.946536
91503000|0.0368|1|2024-04-28 00:09:16.946536
91504000|0.0275|1|2024-04-28 00:09:16.946536
91507000|0.0243|1|2024-04-28 00:09:16.946536
91451000|0.0174|1|2024-04-28 00:09:22.066916
91486000|0.003|1|2024-04-28 00:09:22.066916
91502000|0.0597|1|2024-04-28 00:09:22.066916
91503000|0.0368|1|2024-04-28 00:09:22.066916
91504000|0.0302|1|2024-04-28 00:09:22.066916
91451000|0.0607|1|2024-04-28 00:09:27.183409
91503000|0.0368|1|2024-04-28 00:09:27.183409
91504000|0.0549|1|2024-04-28 00:09:27.183409
91506000|0.0029|1|2024-04-28 00:09:27.183409
91507000|0.0243|1|2024-04-28 00:09:27.183409
91498000|0.0368|1|2024-04-28 00:09:32.313041
91499000|0.0549|1|2024-04-28 00:09:32.313041
91500000|0.0029|1|2024-04-28 00:09:32.313041
91501000|0.0243|1|2024-04-28 00:09:32.313041
91502000|0.01|1|2024-04-28 00:09:32.313041
91498000|0.0306|1|2024-04-28 00:09:37.425210
91499000|0.0549|1|2024-04-28 00:09:37.425210
91500000|0.0029|1|2024-04-28 00:09:37.425210
91501000|0.0243|1|2024-04-28 00:09:37.425210
91502000|0.01|1|2024-04-28 00:09:37.425210
91499000|0.0549|1|2024-04-28 00:09:42.571760
91500000|0.0029|1|2024-04-28 00:09:42.571760
91501000|0.0243|1|2024-04-28 00:09:42.571760
91502000|0.01|1|2024-04-28 00:09:42.571760
91515000|0.01|1|2024-04-28 00:09:42.571760
91499000|0.0479|1|2024-04-28 00:09:47.684326
91500000|0.0029|1|2024-04-28 00:09:47.684326
91501000|0.0243|1|2024-04-28 00:09:47.684326
91502000|0.01|1|2024-04-28 00:09:47.684326
91515000|0.01|1|2024-04-28 00:09:47.684326
91499000|0.0479|1|2024-04-28 00:09:52.785996
91500000|0.0029|1|2024-04-28 00:09:52.785996
91501000|0.0243|1|2024-04-28 00:09:52.785996
91502000|0.01|1|2024-04-28 00:09:52.785996
91515000|0.01|1|2024-04-28 00:09:52.785996
91499000|0.0479|1|2024-04-28 00:09:57.906807
91500000|0.0029|1|2024-04-28 00:09:57.906807
91501000|0.0243|1|2024-04-28 00:09:57.906807
91502000|0.01|1|2024-04-28 00:09:57.906807
91515000|0.01|1|2024-04-28 00:09:57.906807
91499000|0.0479|1|2024-04-28 00:10:03.024601
91500000|0.0029|1|2024-04-28 00:10:03.024601
91501000|0.0243|1|2024-04-28 00:10:03.024601
91502000|0.01|1|2024-04-28 00:10:03.024601
91515000|0.01|1|2024-04-28 00:10:03.024601
91499000|0.0206|1|2024-04-28 00:10:08.148549
91500000|0.0029|1|2024-04-28 00:10:08.148549
91502000|0.0374|1|2024-04-28 00:10:08.148549
91505000|0.0243|1|2024-04-28 00:10:08.148549
91515000|0.01|1|2024-04-28 00:10:08.148549
91499000|0.0206|1|2024-04-28 00:10:13.256187
91500000|0.0029|1|2024-04-28 00:10:13.256187
91502000|0.0374|1|2024-04-28 00:10:13.256187
91505000|0.0243|1|2024-04-28 00:10:13.256187
91515000|0.01|1|2024-04-28 00:10:13.256187
91499000|0.0206|1|2024-04-28 00:10:18.404933
91500000|0.0029|1|2024-04-28 00:10:18.404933
91502000|0.0374|1|2024-04-28 00:10:18.404933
91505000|0.0243|1|2024-04-28 00:10:18.404933
91515000|0.01|1|2024-04-28 00:10:18.404933
91499000|0.0172|1|2024-04-28 00:10:24.077448
91500000|0.0029|1|2024-04-28 00:10:24.077448
91502000|0.0374|1|2024-04-28 00:10:24.077448
91505000|0.0243|1|2024-04-28 00:10:24.077448
91515000|0.01|1|2024-04-28 00:10:24.077448
91499000|0.0172|1|2024-04-28 00:10:29.543720
91500000|0.0029|1|2024-04-28 00:10:29.543720
91502000|0.0374|1|2024-04-28 00:10:29.543720
91505000|0.0243|1|2024-04-28 00:10:29.543720
91515000|0.01|1|2024-04-28 00:10:29.543720
91499000|0.0424|1|2024-04-28 00:10:34.843351
91500000|0.0029|1|2024-04-28 00:10:34.843351
91502000|0.0374|1|2024-04-28 00:10:34.843351
91505000|0.0243|1|2024-04-28 00:10:34.843351
91515000|0.01|1|2024-04-28 00:10:34.843351
91499000|0.0408|1|2024-04-28 00:10:40.042479
91500000|0.0029|1|2024-04-28 00:10:40.042479
91502000|0.0374|1|2024-04-28 00:10:40.042479
91505000|0.0243|1|2024-04-28 00:10:40.042479
91515000|0.01|1|2024-04-28 00:10:40.042479
91499000|0.0409|1|2024-04-28 00:10:45.220957
91500000|0.0029|1|2024-04-28 00:10:45.220957
91502000|0.0374|1|2024-04-28 00:10:45.220957
91505000|0.0243|1|2024-04-28 00:10:45.220957
91515000|0.01|1|2024-04-28 00:10:45.220957
91498000|0.0021|1|2024-04-28 00:10:50.407292
91499000|0.0136|1|2024-04-28 00:10:50.407292
91500000|0.0029|1|2024-04-28 00:10:50.407292
91502000|0.0374|1|2024-04-28 00:10:50.407292
91505000|0.0243|1|2024-04-28 00:10:50.407292
91497000|0.0253|1|2024-04-28 00:10:55.611546
91499000|0.0136|1|2024-04-28 00:10:55.611546
91500000|0.0029|1|2024-04-28 00:10:55.611546
91502000|0.0374|1|2024-04-28 00:10:55.611546
91505000|0.0243|1|2024-04-28 00:10:55.611546
91496000|0.0229|1|2024-04-28 00:11:00.764280
91499000|0.0136|1|2024-04-28 00:11:00.764280
91500000|0.0029|1|2024-04-28 00:11:00.764280
91502000|0.0374|1|2024-04-28 00:11:00.764280
91505000|0.0243|1|2024-04-28 00:11:00.764280
91494000|0.002|1|2024-04-28 00:11:05.931745
91495000|0.0229|1|2024-04-28 00:11:05.931745
91499000|0.0136|1|2024-04-28 00:11:05.931745
91502000|0.0403|1|2024-04-28 00:11:05.931745
91505000|0.0243|1|2024-04-28 00:11:05.931745
91493000|0.0248|1|2024-04-28 00:11:11.117333
91499000|0.0136|1|2024-04-28 00:11:11.117333
91502000|0.0403|1|2024-04-28 00:11:11.117333
91505000|0.0243|1|2024-04-28 00:11:11.117333
91515000|0.01|1|2024-04-28 00:11:11.117333
91493000|0.0228|1|2024-04-28 00:11:16.357513
91499000|0.0136|1|2024-04-28 00:11:16.357513
91502000|0.0403|1|2024-04-28 00:11:16.357513
91505000|0.0243|1|2024-04-28 00:11:16.357513
91515000|0.01|1|2024-04-28 00:11:16.357513
91492000|0.0228|1|2024-04-28 00:11:21.493480
91499000|0.0136|1|2024-04-28 00:11:21.493480
91502000|0.0403|1|2024-04-28 00:11:21.493480
91505000|0.0243|1|2024-04-28 00:11:21.493480
91515000|0.01|1|2024-04-28 00:11:21.493480
91492000|0.0221|1|2024-04-28 00:11:26.677016
91497000|0.0137|1|2024-04-28 00:11:26.677016
91499000|0.0029|1|2024-04-28 00:11:26.677016
91500000|0.0274|1|2024-04-28 00:11:26.677016
91502000|0.01|1|2024-04-28 00:11:26.677016
91497000|0.0136|1|2024-04-28 00:11:31.833300
91499000|0.0029|1|2024-04-28 00:11:31.833300
91500000|0.0274|1|2024-04-28 00:11:31.833300
91502000|0.01|1|2024-04-28 00:11:31.833300
91503000|0.0243|1|2024-04-28 00:11:31.833300
91499000|0.0029|1|2024-04-28 00:11:36.967867
91500000|0.0274|1|2024-04-28 00:11:36.967867
91502000|0.01|1|2024-04-28 00:11:36.967867
91503000|0.0243|1|2024-04-28 00:11:36.967867
91515000|0.01|1|2024-04-28 00:11:36.967867
91499000|0.0022|1|2024-04-28 00:11:42.126009
91502000|0.01|1|2024-04-28 00:11:42.126009
91515000|0.01|1|2024-04-28 00:11:42.126009
91516000|0.0002|1|2024-04-28 00:11:42.126009
91519000|0.3141|1|2024-04-28 00:11:42.126009
91498000|0.0002|1|2024-04-28 00:11:47.235876
91500000|0.0222|1|2024-04-28 00:11:47.235876
91502000|0.01|1|2024-04-28 00:11:47.235876
91515000|0.01|1|2024-04-28 00:11:47.235876
91516000|0.0002|1|2024-04-28 00:11:47.235876
91497000|0.002|1|2024-04-28 00:11:52.361542
91498000|0.0003|1|2024-04-28 00:11:52.361542
91500000|0.0222|1|2024-04-28 00:11:52.361542
91502000|0.01|1|2024-04-28 00:11:52.361542
91515000|0.01|1|2024-04-28 00:11:52.361542
91496000|0.0021|1|2024-04-28 00:11:57.496928
91500000|0.0222|1|2024-04-28 00:11:57.496928
91502000|0.01|1|2024-04-28 00:11:57.496928
91515000|0.01|1|2024-04-28 00:11:57.496928
91516000|0.0002|1|2024-04-28 00:11:57.496928
91492000|0.0249|1|2024-04-28 00:12:02.643770
91495000|0.002|1|2024-04-28 00:12:02.643770
91500000|0.3364|1|2024-04-28 00:12:02.643770
91502000|0.01|1|2024-04-28 00:12:02.643770
91515000|0.01|1|2024-04-28 00:12:02.643770
91484000|0.314|1|2024-04-28 00:12:07.794617
91489000|0.0337|1|2024-04-28 00:12:07.794617
91490000|0.0003|1|2024-04-28 00:12:07.794617
91492000|0.0246|1|2024-04-28 00:12:07.794617
91499000|0.072|1|2024-04-28 00:12:07.794617
91483000|0.0003|1|2024-04-28 00:12:12.924541
91484000|0.314|1|2024-04-28 00:12:12.924541
91492000|0.0246|1|2024-04-28 00:12:12.924541
91500000|0.0224|1|2024-04-28 00:12:12.924541
91502000|0.01|1|2024-04-28 00:12:12.924541
91481000|0.002|1|2024-04-28 00:12:18.106720
91500000|0.3364|1|2024-04-28 00:12:18.106720
91502000|0.01|1|2024-04-28 00:12:18.106720
91515000|0.01|1|2024-04-28 00:12:18.106720
91516000|0.0002|1|2024-04-28 00:12:18.106720
91480000|0.0001|1|2024-04-28 00:12:23.244184
91481000|0.0002|1|2024-04-28 00:12:23.244184
91500000|0.0224|1|2024-04-28 00:12:23.244184
91502000|0.01|1|2024-04-28 00:12:23.244184
91515000|0.324|1|2024-04-28 00:12:23.244184
91480000|0.0003|1|2024-04-28 00:12:28.363285
91500000|0.0224|1|2024-04-28 00:12:28.363285
91502000|0.01|1|2024-04-28 00:12:28.363285
91515000|0.324|1|2024-04-28 00:12:28.363285
91516000|0.0002|1|2024-04-28 00:12:28.363285
91480000|0.0003|1|2024-04-28 00:12:33.534447
91499000|0.058|1|2024-04-28 00:12:33.534447
91500000|0.0224|1|2024-04-28 00:12:33.534447
91502000|0.01|1|2024-04-28 00:12:33.534447
91515000|0.01|1|2024-04-28 00:12:33.534447
91500000|0.0224|1|2024-04-28 00:12:38.665576
91502000|0.01|1|2024-04-28 00:12:38.665576
91515000|0.01|1|2024-04-28 00:12:38.665576
91516000|0.0002|1|2024-04-28 00:12:38.665576
91519000|0.0001|1|2024-04-28 00:12:38.665576
91502000|0.01|1|2024-04-28 00:12:43.818436
91515000|0.01|1|2024-04-28 00:12:43.818436
91516000|0.0002|1|2024-04-28 00:12:43.818436
91519000|0.0001|1|2024-04-28 00:12:43.818436
91520000|0.005|1|2024-04-28 00:12:43.818436
91530000|0.0075|1|2024-04-28 00:12:48.960900
91532000|0.0|1|2024-04-28 00:12:48.960900
91533000|0.001|1|2024-04-28 00:12:48.960900
91536000|0.0017|1|2024-04-28 00:12:48.960900
91539000|0.0028|1|2024-04-28 00:12:48.960900
91530000|0.0075|1|2024-04-28 00:12:54.113161
91532000|0.0|1|2024-04-28 00:12:54.113161
91533000|0.001|1|2024-04-28 00:12:54.113161
91536000|0.0017|1|2024-04-28 00:12:54.113161
91539000|0.0028|1|2024-04-28 00:12:54.113161
91500000|0.0003|1|2024-04-28 00:12:59.295638
91530000|0.0074|1|2024-04-28 00:12:59.295638
91532000|0.0|1|2024-04-28 00:12:59.295638
91533000|0.001|1|2024-04-28 00:12:59.295638
91536000|0.0017|1|2024-04-28 00:12:59.295638
91540000|0.2145|1|2024-04-28 00:13:04.481967
91542000|0.001|1|2024-04-28 00:13:04.481967
91543000|0.0057|1|2024-04-28 00:13:04.481967
91546000|0.001|1|2024-04-28 00:13:04.481967
91550000|0.008|1|2024-04-28 00:13:04.481967
91542000|0.001|1|2024-04-28 00:13:09.648905
91543000|0.0057|1|2024-04-28 00:13:09.648905
91546000|0.001|1|2024-04-28 00:13:09.648905
91550000|0.008|1|2024-04-28 00:13:09.648905
91554000|0.0019|1|2024-04-28 00:13:09.648905
91542000|0.003|1|2024-04-28 00:13:14.863310
91543000|0.0057|1|2024-04-28 00:13:14.863310
91546000|0.001|1|2024-04-28 00:13:14.863310
91550000|0.008|1|2024-04-28 00:13:14.863310
91553000|0.109|1|2024-04-28 00:13:14.863310
91540000|0.0005|1|2024-04-28 00:13:20.045806
91541000|0.002|1|2024-04-28 00:13:20.045806
91542000|0.001|1|2024-04-28 00:13:20.045806
91543000|0.0057|1|2024-04-28 00:13:20.045806
91546000|0.001|1|2024-04-28 00:13:20.045806
91539000|0.0022|1|2024-04-28 00:13:25.217649
91540000|0.0004|1|2024-04-28 00:13:25.217649
91542000|0.001|1|2024-04-28 00:13:25.217649
91543000|0.0057|1|2024-04-28 00:13:25.217649
91546000|0.001|1|2024-04-28 00:13:25.217649
91538000|0.0022|1|2024-04-28 00:13:30.392889
91540000|0.0004|1|2024-04-28 00:13:30.392889
91542000|0.001|1|2024-04-28 00:13:30.392889
91543000|0.0057|1|2024-04-28 00:13:30.392889
91546000|0.001|1|2024-04-28 00:13:30.392889
91540000|0.0004|1|2024-04-28 00:13:35.546539
91542000|0.001|1|2024-04-28 00:13:35.546539
91543000|0.0057|1|2024-04-28 00:13:35.546539
91546000|0.001|1|2024-04-28 00:13:35.546539
91550000|0.008|1|2024-04-28 00:13:35.546539
91540000|0.0003|1|2024-04-28 00:13:40.688313
91542000|0.001|1|2024-04-28 00:13:40.688313
91543000|0.0057|1|2024-04-28 00:13:40.688313
91546000|0.001|1|2024-04-28 00:13:40.688313
91550000|0.008|1|2024-04-28 00:13:40.688313
91539000|0.0001|1|2024-04-28 00:13:45.840294
91540000|0.0003|1|2024-04-28 00:13:45.840294
91542000|0.001|1|2024-04-28 00:13:45.840294
91543000|0.0057|1|2024-04-28 00:13:45.840294
91546000|0.001|1|2024-04-28 00:13:45.840294
91538000|0.0001|1|2024-04-28 00:13:50.991434
91540000|0.0003|1|2024-04-28 00:13:50.991434
91542000|0.001|1|2024-04-28 00:13:50.991434
91543000|0.0057|1|2024-04-28 00:13:50.991434
91546000|0.021|1|2024-04-28 00:13:50.991434
91536000|0.002|1|2024-04-28 00:13:56.159252
91537000|0.0001|1|2024-04-28 00:13:56.159252
91540000|0.0003|1|2024-04-28 00:13:56.159252
91542000|0.001|1|2024-04-28 00:13:56.159252
91543000|0.0157|1|2024-04-28 00:13:56.159252
91535000|0.0019|1|2024-04-28 00:14:01.324417
91540000|0.0003|1|2024-04-28 00:14:01.324417
91542000|0.001|1|2024-04-28 00:14:01.324417
91543000|0.0157|1|2024-04-28 00:14:01.324417
91546000|0.021|1|2024-04-28 00:14:01.324417
91534000|0.0001|1|2024-04-28 00:14:06.504682
91540000|0.0003|1|2024-04-28 00:14:06.504682
91542000|0.001|1|2024-04-28 00:14:06.504682
91543000|0.0157|1|2024-04-28 00:14:06.504682
91546000|0.021|1|2024-04-28 00:14:06.504682
91540000|0.0003|1|2024-04-28 00:14:11.646847
91542000|0.001|1|2024-04-28 00:14:11.646847
91543000|0.0157|1|2024-04-28 00:14:11.646847
91546000|0.021|1|2024-04-28 00:14:11.646847
91550000|0.008|1|2024-04-28 00:14:11.646847
91540000|0.0|1|2024-04-28 00:14:16.778233
91542000|0.001|1|2024-04-28 00:14:16.778233
91543000|0.0157|1|2024-04-28 00:14:16.778233
91546000|0.021|1|2024-04-28 00:14:16.778233
91550000|0.008|1|2024-04-28 00:14:16.778233
91540000|0.0|1|2024-04-28 00:14:21.944631
91542000|0.001|1|2024-04-28 00:14:21.944631
91543000|0.0157|1|2024-04-28 00:14:21.944631
91546000|0.021|1|2024-04-28 00:14:21.944631
91550000|0.008|1|2024-04-28 00:14:21.944631
91542000|0.1046|1|2024-04-28 00:14:27.054557
91543000|0.0157|1|2024-04-28 00:14:27.054557
91546000|0.021|1|2024-04-28 00:14:27.054557
91550000|0.008|1|2024-04-28 00:14:27.054557
91553000|0.5055|1|2024-04-28 00:14:27.054557
91539000|0.5055|1|2024-04-28 00:14:32.183174
91542000|0.001|1|2024-04-28 00:14:32.183174
91543000|0.0157|1|2024-04-28 00:14:32.183174
91546000|0.021|1|2024-04-28 00:14:32.183174
91550000|0.008|1|2024-04-28 00:14:32.183174
91534000|0.109|1|2024-04-28 00:14:37.318621
91538000|0.1036|1|2024-04-28 00:14:37.318621
91539000|0.5055|1|2024-04-28 00:14:37.318621
91542000|0.001|1|2024-04-28 00:14:37.318621
91543000|0.0157|1|2024-04-28 00:14:37.318621
91534000|0.0001|1|2024-04-28 00:14:42.471414
91538000|0.0158|1|2024-04-28 00:14:42.471414
91539000|0.5055|1|2024-04-28 00:14:42.471414
91542000|0.001|1|2024-04-28 00:14:42.471414
91543000|0.0157|1|2024-04-28 00:14:42.471414
91533000|0.5055|1|2024-04-28 00:14:47.628601
91542000|0.001|1|2024-04-28 00:14:47.628601
91543000|0.0157|1|2024-04-28 00:14:47.628601
91545000|0.109|1|2024-04-28 00:14:47.628601
91546000|0.021|1|2024-04-28 00:14:47.628601
91533000|0.5045|1|2024-04-28 00:14:52.736706
91542000|0.001|1|2024-04-28 00:14:52.736706
91543000|0.0157|1|2024-04-28 00:14:52.736706
91545000|0.109|1|2024-04-28 00:14:52.736706
91546000|0.021|1|2024-04-28 00:14:52.736706
91533000|0.5045|1|2024-04-28 00:14:57.851377
91542000|0.001|1|2024-04-28 00:14:57.851377
91543000|0.0157|1|2024-04-28 00:14:57.851377
91546000|0.021|1|2024-04-28 00:14:57.851377
91550000|0.008|1|2024-04-28 00:14:57.851377
91532000|0.5045|1|2024-04-28 00:15:02.959455
91542000|0.11|1|2024-04-28 00:15:02.959455
91543000|0.0157|1|2024-04-28 00:15:02.959455
91546000|0.021|1|2024-04-28 00:15:02.959455
91550000|0.008|1|2024-04-28 00:15:02.959455
91532000|0.5043|1|2024-04-28 00:15:08.083424
91542000|0.002|1|2024-04-28 00:15:08.083424
91543000|0.0157|1|2024-04-28 00:15:08.083424
91546000|0.021|1|2024-04-28 00:15:08.083424
91550000|0.008|1|2024-04-28 00:15:08.083424
91531000|0.002|1|2024-04-28 00:15:13.212318
91532000|0.482|1|2024-04-28 00:15:13.212318
91542000|0.002|1|2024-04-28 00:15:13.212318
91543000|0.0157|1|2024-04-28 00:15:13.212318
91546000|0.021|1|2024-04-28 00:15:13.212318
91532000|0.3625|1|2024-04-28 00:15:18.333806
91542000|0.002|1|2024-04-28 00:15:18.333806
91543000|0.0157|1|2024-04-28 00:15:18.333806
91546000|0.021|1|2024-04-28 00:15:18.333806
91550000|0.008|1|2024-04-28 00:15:18.333806
91532000|0.3536|1|2024-04-28 00:15:23.453913
91542000|0.002|1|2024-04-28 00:15:23.453913
91543000|0.0157|1|2024-04-28 00:15:23.453913
91546000|0.13|1|2024-04-28 00:15:23.453913
91550000|0.008|1|2024-04-28 00:15:23.453913
91532000|0.3536|1|2024-04-28 00:15:28.596296
91542000|0.002|1|2024-04-28 00:15:28.596296
91543000|0.0157|1|2024-04-28 00:15:28.596296
91546000|0.13|1|2024-04-28 00:15:28.596296
91550000|0.008|1|2024-04-28 00:15:28.596296
91530000|0.0199|1|2024-04-28 00:15:33.714785
91531000|0.1091|1|2024-04-28 00:15:33.714785
91532000|0.3524|1|2024-04-28 00:15:33.714785
91542000|0.002|1|2024-04-28 00:15:33.714785
91543000|0.0157|1|2024-04-28 00:15:33.714785
91527000|0.002|1|2024-04-28 00:15:38.833958
91528000|0.1057|1|2024-04-28 00:15:38.833958
91532000|0.3524|1|2024-04-28 00:15:38.833958
91542000|0.002|1|2024-04-28 00:15:38.833958
91543000|0.0157|1|2024-04-28 00:15:38.833958
91524000|0.109|1|2024-04-28 00:15:43.947181
91525000|0.0021|1|2024-04-28 00:15:43.947181
91532000|0.3526|1|2024-04-28 00:15:43.947181
91542000|0.002|1|2024-04-28 00:15:43.947181
91543000|0.0157|1|2024-04-28 00:15:43.947181
91522000|0.0294|1|2024-04-28 00:15:49.213865
91523000|0.3546|1|2024-04-28 00:15:49.213865
91532000|0.0002|1|2024-04-28 00:15:49.213865
91542000|0.002|1|2024-04-28 00:15:49.213865
91543000|0.0157|1|2024-04-28 00:15:49.213865
91521000|0.0001|1|2024-04-28 00:15:54.398669
91523000|0.3526|1|2024-04-28 00:15:54.398669
91532000|0.0002|1|2024-04-28 00:15:54.398669
91542000|0.002|1|2024-04-28 00:15:54.398669
91543000|0.0157|1|2024-04-28 00:15:54.398669
91523000|0.3504|1|2024-04-28 00:15:59.612563
91532000|0.1092|1|2024-04-28 00:15:59.612563
91542000|0.002|1|2024-04-28 00:15:59.612563
91543000|0.0157|1|2024-04-28 00:15:59.612563
91546000|0.021|1|2024-04-28 00:15:59.612563
91495000|0.0001|1|2024-04-28 00:16:04.781159
91513000|0.109|1|2024-04-28 00:16:04.781159
91523000|0.3504|1|2024-04-28 00:16:04.781159
91532000|0.0002|1|2024-04-28 00:16:04.781159
91542000|0.002|1|2024-04-28 00:16:04.781159
91495000|0.0001|1|2024-04-28 00:16:09.937017
91508000|0.3504|1|2024-04-28 00:16:09.937017
91511000|0.0227|1|2024-04-28 00:16:09.937017
91512000|0.109|1|2024-04-28 00:16:09.937017
91532000|0.0002|1|2024-04-28 00:16:09.937017
91496000|0.002|1|2024-04-28 00:16:15.106124
91508000|0.3504|1|2024-04-28 00:16:15.106124
91532000|0.0002|1|2024-04-28 00:16:15.106124
91533000|0.045|1|2024-04-28 00:16:15.106124
91542000|0.002|1|2024-04-28 00:16:15.106124
91507000|0.111|1|2024-04-28 00:16:20.290860
91512000|0.3504|1|2024-04-28 00:16:20.290860
91517000|0.045|1|2024-04-28 00:16:20.290860
91532000|0.0002|1|2024-04-28 00:16:20.290860
91537000|0.063|1|2024-04-28 00:16:20.290860
91505000|0.109|1|2024-04-28 00:16:25.448980
91512000|0.3504|1|2024-04-28 00:16:25.448980
91532000|0.0002|1|2024-04-28 00:16:25.448980
91533000|0.045|1|2024-04-28 00:16:25.448980
91537000|0.063|1|2024-04-28 00:16:25.448980
91507000|0.0997|1|2024-04-28 00:16:30.622136
91512000|0.5504|1|2024-04-28 00:16:30.622136
91516000|0.109|1|2024-04-28 00:16:30.622136
91532000|0.0002|1|2024-04-28 00:16:30.622136
91542000|0.002|1|2024-04-28 00:16:30.622136
91507000|0.0962|1|2024-04-28 00:16:35.777123
91512000|0.5504|1|2024-04-28 00:16:35.777123
91528000|0.1091|1|2024-04-28 00:16:35.777123
91532000|0.0002|1|2024-04-28 00:16:35.777123
91542000|0.065|1|2024-04-28 00:16:35.777123
91506000|0.0001|1|2024-04-28 00:16:40.940527
91512000|0.5504|1|2024-04-28 00:16:40.940527
91520000|0.109|1|2024-04-28 00:16:40.940527
91531000|0.045|1|2024-04-28 00:16:40.940527
91532000|0.0002|1|2024-04-28 00:16:40.940527
91505000|0.0001|1|2024-04-28 00:16:46.099567
91512000|0.5504|1|2024-04-28 00:16:46.099567
91520000|0.109|1|2024-04-28 00:16:46.099567
91531000|0.045|1|2024-04-28 00:16:46.099567
91532000|0.0002|1|2024-04-28 00:16:46.099567
91502000|0.0021|1|2024-04-28 00:16:51.295814
91509000|0.3504|1|2024-04-28 00:16:51.295814
91512000|0.2|1|2024-04-28 00:16:51.295814
91517000|0.109|1|2024-04-28 00:16:51.295814
91526000|0.063|1|2024-04-28 00:16:51.295814
91509000|0.3506|1|2024-04-28 00:16:56.453979
91512000|0.2|1|2024-04-28 00:16:56.453979
91514000|0.1091|1|2024-04-28 00:16:56.453979
91526000|0.108|1|2024-04-28 00:16:56.453979
91532000|0.0002|1|2024-04-28 00:16:56.453979
91509000|0.3426|1|2024-04-28 00:17:01.606753
91512000|0.2|1|2024-04-28 00:17:01.606753
91526000|0.2171|1|2024-04-28 00:17:01.606753
91532000|0.0002|1|2024-04-28 00:17:01.606753
91542000|0.002|1|2024-04-28 00:17:01.606753
91509000|0.3225|1|2024-04-28 00:17:06.721297
91512000|0.2|1|2024-04-28 00:17:06.721297
91530000|0.045|1|2024-04-28 00:17:06.721297
91532000|0.0002|1|2024-04-28 00:17:06.721297
91534000|0.1091|1|2024-04-28 00:17:06.721297
91508000|0.157|1|2024-04-28 00:17:11.861401
91509000|0.3195|1|2024-04-28 00:17:11.861401
91512000|0.2|1|2024-04-28 00:17:11.861401
91532000|0.0002|1|2024-04-28 00:17:11.861401
91534000|0.045|1|2024-04-28 00:17:11.861401
91507000|0.002|1|2024-04-28 00:17:16.975311
91508000|0.1541|1|2024-04-28 00:17:16.975311
91509000|0.0002|1|2024-04-28 00:17:16.975311
91512000|0.2|1|2024-04-28 00:17:16.975311
91529000|0.3194|1|2024-04-28 00:17:16.975311
91508000|0.154|1|2024-04-28 00:17:22.108705
91509000|0.0002|1|2024-04-28 00:17:22.108705
91512000|0.3|1|2024-04-28 00:17:22.108705
91529000|0.3194|1|2024-04-28 00:17:22.108705
91532000|0.0002|1|2024-04-28 00:17:22.108705
91508000|0.1528|1|2024-04-28 00:17:27.237306
91509000|0.0002|1|2024-04-28 00:17:27.237306
91512000|0.3|1|2024-04-28 00:17:27.237306
91529000|0.3194|1|2024-04-28 00:17:27.237306
91532000|0.0002|1|2024-04-28 00:17:27.237306
91508000|0.1541|1|2024-04-28 00:17:32.366418
91509000|0.0002|1|2024-04-28 00:17:32.366418
91512000|0.3|1|2024-04-28 00:17:32.366418
91529000|0.3194|1|2024-04-28 00:17:32.366418
91532000|0.0002|1|2024-04-28 00:17:32.366418
91508000|0.1541|1|2024-04-28 00:17:37.477878
91509000|0.0002|1|2024-04-28 00:17:37.477878
91512000|0.3|1|2024-04-28 00:17:37.477878
91529000|0.3194|1|2024-04-28 00:17:37.477878
91532000|0.0002|1|2024-04-28 00:17:37.477878
91508000|0.1524|1|2024-04-28 00:17:42.595228
91509000|0.0002|1|2024-04-28 00:17:42.595228
91512000|0.3|1|2024-04-28 00:17:42.595228
91529000|0.3194|1|2024-04-28 00:17:42.595228
91532000|0.0002|1|2024-04-28 00:17:42.595228
91508000|0.1523|1|2024-04-28 00:17:47.746802
91509000|0.0002|1|2024-04-28 00:17:47.746802
91512000|0.3|1|2024-04-28 00:17:47.746802
91532000|0.0002|1|2024-04-28 00:17:47.746802
91542000|0.002|1|2024-04-28 00:17:47.746802
91508000|0.0994|1|2024-04-28 00:17:52.865518
91509000|0.0002|1|2024-04-28 00:17:52.865518
91512000|0.3|1|2024-04-28 00:17:52.865518
91532000|0.0002|1|2024-04-28 00:17:52.865518
91542000|0.002|1|2024-04-28 00:17:52.865518
91512000|0.2322|1|2024-04-28 00:17:57.973344
91532000|0.0002|1|2024-04-28 00:17:57.973344
91542000|0.002|1|2024-04-28 00:17:57.973344
91543000|0.0157|1|2024-04-28 00:17:57.973344
91546000|0.021|1|2024-04-28 00:17:57.973344
91512000|0.2322|1|2024-04-28 00:18:03.098595
91532000|0.0002|1|2024-04-28 00:18:03.098595
91542000|0.002|1|2024-04-28 00:18:03.098595
91543000|0.0157|1|2024-04-28 00:18:03.098595
91546000|0.021|1|2024-04-28 00:18:03.098595
91510000|0.0021|1|2024-04-28 00:18:08.213107
91511000|0.0002|1|2024-04-28 00:18:08.213107
91512000|0.2322|1|2024-04-28 00:18:08.213107
91532000|0.0002|1|2024-04-28 00:18:08.213107
91542000|0.002|1|2024-04-28 00:18:08.213107
91512000|0.2246|1|2024-04-28 00:18:13.330891
91532000|0.0002|1|2024-04-28 00:18:13.330891
91542000|0.002|1|2024-04-28 00:18:13.330891
91543000|0.0157|1|2024-04-28 00:18:13.330891
91546000|0.021|1|2024-04-28 00:18:13.330891
91512000|0.2042|1|2024-04-28 00:18:18.445846
91532000|0.0002|1|2024-04-28 00:18:18.445846
91542000|0.002|1|2024-04-28 00:18:18.445846
91543000|0.0157|1|2024-04-28 00:18:18.445846
91546000|0.021|1|2024-04-28 00:18:18.445846
91503000|0.0001|1|2024-04-28 00:18:23.565498
91512000|0.2049|1|2024-04-28 00:18:23.565498
91532000|0.0002|1|2024-04-28 00:18:23.565498
91542000|0.1111|1|2024-04-28 00:18:23.565498
91543000|0.0157|1|2024-04-28 00:18:23.565498
91512000|0.2049|1|2024-04-28 00:18:28.689463
91532000|0.0002|1|2024-04-28 00:18:28.689463
91542000|0.002|1|2024-04-28 00:18:28.689463
91543000|0.0157|1|2024-04-28 00:18:28.689463
91546000|0.021|1|2024-04-28 00:18:28.689463
91499000|0.002|1|2024-04-28 00:18:33.815676
91500000|0.0441|1|2024-04-28 00:18:33.815676
91512000|0.2049|1|2024-04-28 00:18:33.815676
91532000|0.0002|1|2024-04-28 00:18:33.815676
91542000|0.002|1|2024-04-28 00:18:33.815676
91500000|0.0|1|2024-04-28 00:18:38.946566
91512000|0.2049|1|2024-04-28 00:18:38.946566
91532000|0.0002|1|2024-04-28 00:18:38.946566
91542000|0.002|1|2024-04-28 00:18:38.946566
91543000|0.0157|1|2024-04-28 00:18:38.946566
91500000|0.0|1|2024-04-28 00:18:44.059789
91511000|0.0022|1|2024-04-28 00:18:44.059789
91512000|0.2049|1|2024-04-28 00:18:44.059789
91532000|0.0002|1|2024-04-28 00:18:44.059789
91541000|0.3194|1|2024-04-28 00:18:44.059789
91512000|0.072|1|2024-04-28 00:18:49.170926
91532000|0.0002|1|2024-04-28 00:18:49.170926
91541000|0.3194|1|2024-04-28 00:18:49.170926
91542000|0.002|1|2024-04-28 00:18:49.170926
91543000|0.0157|1|2024-04-28 00:18:49.170926
91512000|0.0621|1|2024-04-28 00:18:54.303745
91532000|0.0002|1|2024-04-28 00:18:54.303745
91541000|0.3194|1|2024-04-28 00:18:54.303745
91542000|0.002|1|2024-04-28 00:18:54.303745
91543000|0.0157|1|2024-04-28 00:18:54.303745
91499000|0.0001|1|2024-04-28 00:18:59.425070
91512000|0.0621|1|2024-04-28 00:18:59.425070
91532000|0.0002|1|2024-04-28 00:18:59.425070
91542000|0.002|1|2024-04-28 00:18:59.425070
91543000|0.0157|1|2024-04-28 00:18:59.425070
91512000|0.0619|1|2024-04-28 00:19:04.569553
91532000|0.0002|1|2024-04-28 00:19:04.569553
91542000|0.002|1|2024-04-28 00:19:04.569553
91543000|0.0157|1|2024-04-28 00:19:04.569553
91546000|0.021|1|2024-04-28 00:19:04.569553
91512000|0.0619|1|2024-04-28 00:19:09.683722
91532000|0.0002|1|2024-04-28 00:19:09.683722
91542000|0.002|1|2024-04-28 00:19:09.683722
91543000|0.0157|1|2024-04-28 00:19:09.683722
91546000|0.021|1|2024-04-28 00:19:09.683722
91550000|0.0039|1|2024-04-28 00:19:14.808411
91554000|0.0021|1|2024-04-28 00:19:14.808411
91560000|0.3194|1|2024-04-28 00:19:14.808411
91562000|0.0102|1|2024-04-28 00:19:14.808411
91568000|0.1091|1|2024-04-28 00:19:14.808411
91549000|0.002|1|2024-04-28 00:19:19.953257
91550000|0.0039|1|2024-04-28 00:19:19.953257
91554000|0.0021|1|2024-04-28 00:19:19.953257
91560000|0.3194|1|2024-04-28 00:19:19.953257
91562000|0.0102|1|2024-04-28 00:19:19.953257
91548000|0.0021|1|2024-04-28 00:19:25.065264
91550000|0.0039|1|2024-04-28 00:19:25.065264
91554000|0.0021|1|2024-04-28 00:19:25.065264
91559000|0.1776|1|2024-04-28 00:19:25.065264
91560000|0.3194|1|2024-04-28 00:19:25.065264
91547000|0.0001|1|2024-04-28 00:19:30.185431
91550000|0.0039|1|2024-04-28 00:19:30.185431
91554000|0.0021|1|2024-04-28 00:19:30.185431
91558000|0.0734|1|2024-04-28 00:19:30.185431
91559000|0.1091|1|2024-04-28 00:19:30.185431
91554000|0.0075|1|2024-04-28 00:19:35.310387
91560000|0.6334|1|2024-04-28 00:19:35.310387
91562000|0.0102|1|2024-04-28 00:19:35.310387
91563000|0.1091|1|2024-04-28 00:19:35.310387
91568000|0.0063|1|2024-04-28 00:19:35.310387
91560000|0.5809|1|2024-04-28 00:19:40.477961
91562000|0.0102|1|2024-04-28 00:19:40.477961
91569000|0.001|1|2024-04-28 00:19:40.477961
91570000|0.065|1|2024-04-28 00:19:40.477961
91571000|0.1091|1|2024-04-28 00:19:40.477961
91559000|0.0109|1|2024-04-28 00:19:45.594511
91560000|0.5809|1|2024-04-28 00:19:45.594511
91562000|0.0102|1|2024-04-28 00:19:45.594511
91569000|0.001|1|2024-04-28 00:19:45.594511
91570000|0.065|1|2024-04-28 00:19:45.594511
91559000|0.0109|1|2024-04-28 00:19:50.716333
91560000|0.5809|1|2024-04-28 00:19:50.716333
91562000|0.0102|1|2024-04-28 00:19:50.716333
91569000|0.001|1|2024-04-28 00:19:50.716333
91570000|0.065|1|2024-04-28 00:19:50.716333
91559000|0.0108|1|2024-04-28 00:19:55.832969
91560000|0.5809|1|2024-04-28 00:19:55.832969
91562000|0.0102|1|2024-04-28 00:19:55.832969
91569000|0.001|1|2024-04-28 00:19:55.832969
91570000|0.065|1|2024-04-28 00:19:55.832969
91560000|0.5809|1|2024-04-28 00:20:00.951742
91562000|0.0102|1|2024-04-28 00:20:00.951742
91569000|0.1101|1|2024-04-28 00:20:00.951742
91570000|0.065|1|2024-04-28 00:20:00.951742
91574000|0.0001|1|2024-04-28 00:20:00.951742
91560000|0.314|1|2024-04-28 00:20:06.090939
91562000|0.0102|1|2024-04-28 00:20:06.090939
91569000|0.001|1|2024-04-28 00:20:06.090939
91570000|0.02|1|2024-04-28 00:20:06.090939
91574000|0.1092|1|2024-04-28 00:20:06.090939
91562000|0.0102|1|2024-04-28 00:20:11.223261
91569000|0.001|1|2024-04-28 00:20:11.223261
91570000|0.02|1|2024-04-28 00:20:11.223261
91574000|0.1092|1|2024-04-28 00:20:11.223261
91575000|0.0069|1|2024-04-28 00:20:11.223261
91561000|0.0001|1|2024-04-28 00:20:16.340263
91562000|0.0102|1|2024-04-28 00:20:16.340263
91569000|0.315|1|2024-04-28 00:20:16.340263
91570000|0.02|1|2024-04-28 00:20:16.340263
91574000|0.1092|1|2024-04-28 00:20:16.340263
91569000|0.002|1|2024-04-28 00:20:21.451973
91570000|0.02|1|2024-04-28 00:20:21.451973
91574000|0.0001|1|2024-04-28 00:20:21.451973
91575000|0.0069|1|2024-04-28 00:20:21.451973
91580000|0.002|1|2024-04-28 00:20:21.451973
91567000|0.002|1|2024-04-28 00:20:26.565141
91570000|0.02|1|2024-04-28 00:20:26.565141
91574000|0.0001|1|2024-04-28 00:20:26.565141
91575000|0.0069|1|2024-04-28 00:20:26.565141
91580000|0.002|1|2024-04-28 00:20:26.565141
91568000|0.314|1|2024-04-28 00:20:31.681417
91570000|0.0177|1|2024-04-28 00:20:31.681417
91573000|0.109|1|2024-04-28 00:20:31.681417
91574000|0.0001|1|2024-04-28 00:20:31.681417
91575000|0.0069|1|2024-04-28 00:20:31.681417
91569000|0.0098|1|2024-04-28 00:20:36.799215
91570000|0.0177|1|2024-04-28 00:20:36.799215
91574000|0.0001|1|2024-04-28 00:20:36.799215
91575000|0.0069|1|2024-04-28 00:20:36.799215
91580000|0.102|1|2024-04-28 00:20:36.799215
91569000|0.0098|1|2024-04-28 00:20:41.937989
91570000|0.0177|1|2024-04-28 00:20:41.937989
91574000|0.0001|1|2024-04-28 00:20:41.937989
91575000|0.0069|1|2024-04-28 00:20:41.937989
91580000|0.102|1|2024-04-28 00:20:41.937989
91569000|0.0098|1|2024-04-28 00:20:47.053927
91570000|0.0177|1|2024-04-28 00:20:47.053927
91574000|0.0001|1|2024-04-28 00:20:47.053927
91575000|0.0069|1|2024-04-28 00:20:47.053927
91580000|0.102|1|2024-04-28 00:20:47.053927
91568000|0.0391|1|2024-04-28 00:20:52.183264
91569000|0.7869|1|2024-04-28 00:20:52.183264
91570000|0.0177|1|2024-04-28 00:20:52.183264
91574000|0.0001|1|2024-04-28 00:20:52.183264
91575000|0.0069|1|2024-04-28 00:20:52.183264
91568000|0.0113|1|2024-04-28 00:20:57.311367
91569000|0.7869|1|2024-04-28 00:20:57.311367
91570000|0.0177|1|2024-04-28 00:20:57.311367
91574000|0.0001|1|2024-04-28 00:20:57.311367
91575000|0.0069|1|2024-04-28 00:20:57.311367
91568000|0.0102|1|2024-04-28 00:21:02.437298
91569000|0.7869|1|2024-04-28 00:21:02.437298
91570000|0.0177|1|2024-04-28 00:21:02.437298
91574000|0.0001|1|2024-04-28 00:21:02.437298
91575000|0.0069|1|2024-04-28 00:21:02.437298
91568000|0.0094|1|2024-04-28 00:21:07.552773
91569000|0.7869|1|2024-04-28 00:21:07.552773
91570000|0.0177|1|2024-04-28 00:21:07.552773
91574000|0.0001|1|2024-04-28 00:21:07.552773
91575000|0.0069|1|2024-04-28 00:21:07.552773
91568000|0.0094|1|2024-04-28 00:21:12.679095
91569000|0.7771|1|2024-04-28 00:21:12.679095
91570000|0.0177|1|2024-04-28 00:21:12.679095
91574000|0.0001|1|2024-04-28 00:21:12.679095
91575000|0.0069|1|2024-04-28 00:21:12.679095
91568000|0.0181|1|2024-04-28 00:21:17.813892
91569000|0.7771|1|2024-04-28 00:21:17.813892
91570000|0.0177|1|2024-04-28 00:21:17.813892
91574000|0.0001|1|2024-04-28 00:21:17.813892
91575000|0.0069|1|2024-04-28 00:21:17.813892
91568000|0.0181|1|2024-04-28 00:21:22.936631
91569000|0.7771|1|2024-04-28 00:21:22.936631
91570000|0.0177|1|2024-04-28 00:21:22.936631
91574000|0.0001|1|2024-04-28 00:21:22.936631
91575000|0.0069|1|2024-04-28 00:21:22.936631
91568000|0.0001|1|2024-04-28 00:21:28.080041
91569000|0.7771|1|2024-04-28 00:21:28.080041
91570000|0.0177|1|2024-04-28 00:21:28.080041
91574000|0.0001|1|2024-04-28 00:21:28.080041
91575000|0.0069|1|2024-04-28 00:21:28.080041
91567000|0.025|1|2024-04-28 00:21:33.242645
91568000|0.0001|1|2024-04-28 00:21:33.242645
91569000|0.7771|1|2024-04-28 00:21:33.242645
91570000|0.0177|1|2024-04-28 00:21:33.242645
91574000|0.0001|1|2024-04-28 00:21:33.242645
91568000|0.0001|1|2024-04-28 00:21:38.463465
91569000|0.7771|1|2024-04-28 00:21:38.463465
91570000|0.0177|1|2024-04-28 00:21:38.463465
91574000|0.0001|1|2024-04-28 00:21:38.463465
91575000|0.0069|1|2024-04-28 00:21:38.463465
91569000|0.766|1|2024-04-28 00:21:43.581858
91570000|0.3317|1|2024-04-28 00:21:43.581858
91574000|0.0001|1|2024-04-28 00:21:43.581858
91575000|0.0069|1|2024-04-28 00:21:43.581858
91580000|0.102|1|2024-04-28 00:21:43.581858
91569000|0.766|1|2024-04-28 00:21:48.685878
91570000|0.3317|1|2024-04-28 00:21:48.685878
91574000|0.0001|1|2024-04-28 00:21:48.685878
91575000|0.0069|1|2024-04-28 00:21:48.685878
91580000|0.102|1|2024-04-28 00:21:48.685878
91569000|0.766|1|2024-04-28 00:21:53.787467
91570000|0.0177|1|2024-04-28 00:21:53.787467
91574000|0.0001|1|2024-04-28 00:21:53.787467
91575000|0.0069|1|2024-04-28 00:21:53.787467
91580000|0.102|1|2024-04-28 00:21:53.787467
91569000|0.4576|1|2024-04-28 00:21:58.895729
91570000|0.0177|1|2024-04-28 00:21:58.895729
91574000|0.0001|1|2024-04-28 00:21:58.895729
91575000|0.0069|1|2024-04-28 00:21:58.895729
91580000|0.102|1|2024-04-28 00:21:58.895729
91569000|0.4251|1|2024-04-28 00:22:04.026905
91570000|0.0177|1|2024-04-28 00:22:04.026905
91574000|0.0001|1|2024-04-28 00:22:04.026905
91575000|0.0069|1|2024-04-28 00:22:04.026905
91580000|0.102|1|2024-04-28 00:22:04.026905
91580000|0.0544|1|2024-04-28 00:22:09.139686
91582000|0.0008|1|2024-04-28 00:22:09.139686
91585000|0.0001|1|2024-04-28 00:22:09.139686
91586000|0.0002|1|2024-04-28 00:22:09.139686
91590000|0.0939|1|2024-04-28 00:22:09.139686
91590000|0.0158|1|2024-04-28 00:22:14.260412
91598000|0.0007|1|2024-04-28 00:22:14.260412
91600000|0.197|1|2024-04-28 00:22:14.260412
91610000|0.0561|1|2024-04-28 00:22:14.260412
91613000|0.314|1|2024-04-28 00:22:14.260412
91600000|0.0829|1|2024-04-28 00:22:19.376872
91610000|0.0561|1|2024-04-28 00:22:19.376872
91616000|0.0015|1|2024-04-28 00:22:19.376872
91620000|0.0003|1|2024-04-28 00:22:19.376872
91629000|0.314|1|2024-04-28 00:22:19.376872
91643000|0.0063|1|2024-04-28 00:22:24.488018
91644000|0.045|1|2024-04-28 00:22:24.488018
91645000|0.119|1|2024-04-28 00:22:24.488018
91648000|0.2672|1|2024-04-28 00:22:24.488018
91650000|0.0243|1|2024-04-28 00:22:24.488018
91640000|0.0021|1|2024-04-28 00:22:29.605192
91641000|0.3063|1|2024-04-28 00:22:29.605192
91643000|0.0013|1|2024-04-28 00:22:29.605192
91644000|0.1539|1|2024-04-28 00:22:29.605192
91645000|0.0101|1|2024-04-28 00:22:29.605192
91641000|0.2135|1|2024-04-28 00:22:34.723634
91643000|0.0013|1|2024-04-28 00:22:34.723634
91644000|0.045|1|2024-04-28 00:22:34.723634
91645000|0.0101|1|2024-04-28 00:22:34.723634
91648000|0.2672|1|2024-04-28 00:22:34.723634
91644000|0.0263|1|2024-04-28 00:22:39.860275
91645000|0.0101|1|2024-04-28 00:22:39.860275
91648000|0.2672|1|2024-04-28 00:22:39.860275
91650000|0.0243|1|2024-04-28 00:22:39.860275
91651000|0.0004|1|2024-04-28 00:22:39.860275
91650000|0.0043|1|2024-04-28 00:22:44.971544
91651000|0.0004|1|2024-04-28 00:22:44.971544
91653000|0.0025|1|2024-04-28 00:22:44.971544
91660000|0.0217|1|2024-04-28 00:22:44.971544
91663000|0.0001|1|2024-04-28 00:22:44.971544
91660000|0.004|1|2024-04-28 00:22:50.126945
91663000|0.0001|1|2024-04-28 00:22:50.126945
91666000|0.0005|1|2024-04-28 00:22:50.126945
91667000|0.3153|1|2024-04-28 00:22:50.126945
91670000|0.2682|1|2024-04-28 00:22:50.126945
91659000|0.0282|1|2024-04-28 00:22:55.240645
91660000|0.004|1|2024-04-28 00:22:55.240645
91663000|0.0001|1|2024-04-28 00:22:55.240645
91666000|0.0005|1|2024-04-28 00:22:55.240645
91667000|0.3153|1|2024-04-28 00:22:55.240645
91658000|0.002|1|2024-04-28 00:23:00.369393
91659000|0.0082|1|2024-04-28 00:23:00.369393
91660000|0.004|1|2024-04-28 00:23:00.369393
91663000|0.0001|1|2024-04-28 00:23:00.369393
91666000|0.0005|1|2024-04-28 00:23:00.369393
91667000|0.2269|1|2024-04-28 00:23:05.475796
91670000|0.2682|1|2024-04-28 00:23:05.475796
91676000|0.0006|1|2024-04-28 00:23:05.475796
91680000|0.002|1|2024-04-28 00:23:05.475796
91687000|0.0218|1|2024-04-28 00:23:05.475796
91666000|0.0008|1|2024-04-28 00:23:10.582905
91667000|0.2256|1|2024-04-28 00:23:10.582905
91670000|0.2682|1|2024-04-28 00:23:10.582905
91676000|0.0006|1|2024-04-28 00:23:10.582905
91680000|0.002|1|2024-04-28 00:23:10.582905
91666000|0.1089|1|2024-04-28 00:23:15.691470
91667000|0.2256|1|2024-04-28 00:23:15.691470
91670000|0.2682|1|2024-04-28 00:23:15.691470
91676000|0.0006|1|2024-04-28 00:23:15.691470
91680000|0.002|1|2024-04-28 00:23:15.691470
91670000|0.01|1|2024-04-28 00:23:20.803324
91676000|0.0006|1|2024-04-28 00:23:20.803324
91680000|0.002|1|2024-04-28 00:23:20.803324
91687000|0.0218|1|2024-04-28 00:23:20.803324
91688000|0.0001|1|2024-04-28 00:23:20.803324
91668000|0.002|1|2024-04-28 00:23:25.912749
91669000|0.0284|1|2024-04-28 00:23:25.912749
91670000|0.01|1|2024-04-28 00:23:25.912749
91676000|0.0006|1|2024-04-28 00:23:25.912749
91680000|0.002|1|2024-04-28 00:23:25.912749
91669000|0.0079|1|2024-04-28 00:23:31.022667
91670000|0.01|1|2024-04-28 00:23:31.022667
91676000|0.0006|1|2024-04-28 00:23:31.022667
91680000|0.002|1|2024-04-28 00:23:31.022667
91685000|0.314|1|2024-04-28 00:23:31.022667
91669000|0.0079|1|2024-04-28 00:23:36.122822
91670000|0.01|1|2024-04-28 00:23:36.122822
91676000|0.0006|1|2024-04-28 00:23:36.122822
91680000|0.002|1|2024-04-28 00:23:36.122822
91685000|0.314|1|2024-04-28 00:23:36.122822
91680000|0.0005|1|2024-04-28 00:23:41.251965
91685000|0.314|1|2024-04-28 00:23:41.251965
91687000|0.0218|1|2024-04-28 00:23:41.251965
91688000|0.0001|1|2024-04-28 00:23:41.251965
91690000|0.01|1|2024-04-28 00:23:41.251965
91702000|0.0012|1|2024-04-28 00:23:46.392508
91705000|0.11|1|2024-04-28 00:23:46.392508
91711000|0.0016|1|2024-04-28 00:23:46.392508
91720000|0.0003|1|2024-04-28 00:23:46.392508
91732000|0.0019|1|2024-04-28 00:23:46.392508
91705000|0.11|1|2024-04-28 00:23:51.577572
91711000|0.0016|1|2024-04-28 00:23:51.577572
91720000|0.0003|1|2024-04-28 00:23:51.577572
91723000|0.1088|1|2024-04-28 00:23:51.577572
91732000|0.0019|1|2024-04-28 00:23:51.577572
91705000|0.11|1|2024-04-28 00:23:56.732932
91711000|0.0016|1|2024-04-28 00:23:56.732932
91720000|0.0003|1|2024-04-28 00:23:56.732932
91732000|0.0019|1|2024-04-28 00:23:56.732932
91733000|0.314|1|2024-04-28 00:23:56.732932
91703000|0.1088|1|2024-04-28 00:24:01.849635
91704000|0.0142|1|2024-04-28 00:24:01.849635
91705000|0.11|1|2024-04-28 00:24:01.849635
91711000|0.3156|1|2024-04-28 00:24:01.849635
91713000|0.2581|1|2024-04-28 00:24:01.849635
91705000|0.11|1|2024-04-28 00:24:06.978186
91711000|0.3156|1|2024-04-28 00:24:06.978186
91713000|0.2581|1|2024-04-28 00:24:06.978186
91716000|0.1088|1|2024-04-28 00:24:06.978186
91720000|0.0003|1|2024-04-28 00:24:06.978186
91704000|0.1089|1|2024-04-28 00:24:12.091288
91705000|0.11|1|2024-04-28 00:24:12.091288
91711000|0.3156|1|2024-04-28 00:24:12.091288
91713000|0.2581|1|2024-04-28 00:24:12.091288
91720000|0.0003|1|2024-04-28 00:24:12.091288
91702000|0.0001|1|2024-04-28 00:24:17.208013
91705000|0.11|1|2024-04-28 00:24:17.208013
91711000|0.3156|1|2024-04-28 00:24:17.208013
91713000|0.2581|1|2024-04-28 00:24:17.208013
91714000|0.1088|1|2024-04-28 00:24:17.208013
91698000|0.1088|1|2024-04-28 00:24:22.338702
91699000|0.0021|1|2024-04-28 00:24:22.338702
91705000|0.11|1|2024-04-28 00:24:22.338702
91709000|0.2581|1|2024-04-28 00:24:22.338702
91711000|0.3156|1|2024-04-28 00:24:22.338702
91697000|0.0003|1|2024-04-28 00:24:27.443031
91705000|0.0991|1|2024-04-28 00:24:27.443031
91711000|0.0016|1|2024-04-28 00:24:27.443031
91714000|0.1088|1|2024-04-28 00:24:27.443031
91720000|0.0003|1|2024-04-28 00:24:27.443031
91696000|0.0021|1|2024-04-28 00:24:32.569631
91705000|0.0999|1|2024-04-28 00:24:32.569631
91711000|0.0016|1|2024-04-28 00:24:32.569631
91720000|0.0003|1|2024-04-28 00:24:32.569631
91728000|0.314|1|2024-04-28 00:24:32.569631
91696000|0.0|1|2024-04-28 00:24:37.670944
91705000|0.1393|1|2024-04-28 00:24:37.670944
91711000|0.1016|1|2024-04-28 00:24:37.670944
91720000|0.0103|1|2024-04-28 00:24:37.670944
91728000|0.314|1|2024-04-28 00:24:37.670944
91704000|0.1088|1|2024-04-28 00:24:42.782645
91705000|0.1385|1|2024-04-28 00:24:42.782645
91711000|0.1016|1|2024-04-28 00:24:42.782645
91720000|0.0103|1|2024-04-28 00:24:42.782645
91722000|0.2581|1|2024-04-28 00:24:42.782645
91705000|0.1385|1|2024-04-28 00:24:48.000636
91706000|0.1088|1|2024-04-28 00:24:48.000636
91707000|0.314|1|2024-04-28 00:24:48.000636
91711000|0.1016|1|2024-04-28 00:24:48.000636
91720000|0.0103|1|2024-04-28 00:24:48.000636
91705000|0.2473|1|2024-04-28 00:24:53.114577
91707000|0.314|1|2024-04-28 00:24:53.114577
91711000|0.0016|1|2024-04-28 00:24:53.114577
91720000|0.0103|1|2024-04-28 00:24:53.114577
91722000|0.2581|1|2024-04-28 00:24:53.114577
91671000|0.0694|1|2024-04-28 00:24:58.225144
91705000|0.1355|1|2024-04-28 00:24:58.225144
91707000|0.314|1|2024-04-28 00:24:58.225144
91711000|0.1101|1|2024-04-28 00:24:58.225144
91712000|0.1088|1|2024-04-28 00:24:58.225144
91702000|0.1089|1|2024-04-28 00:25:03.336257
91705000|0.1335|1|2024-04-28 00:25:03.336257
91707000|0.314|1|2024-04-28 00:25:03.336257
91711000|0.1101|1|2024-04-28 00:25:03.336257
91717000|0.2581|1|2024-04-28 00:25:03.336257
91699000|0.002|1|2024-04-28 00:25:08.443551
91705000|0.1335|1|2024-04-28 00:25:08.443551
91711000|0.1101|1|2024-04-28 00:25:08.443551
91717000|0.2581|1|2024-04-28 00:25:08.443551
91720000|0.0103|1|2024-04-28 00:25:08.443551
91704000|0.012|1|2024-04-28 00:25:13.591770
91705000|0.1335|1|2024-04-28 00:25:13.591770
91711000|0.1101|1|2024-04-28 00:25:13.591770
91714000|0.1088|1|2024-04-28 00:25:13.591770
91720000|0.0103|1|2024-04-28 00:25:13.591770
91705000|0.1336|1|2024-04-28 00:25:18.705254
91711000|0.1101|1|2024-04-28 00:25:18.705254
91714000|0.1088|1|2024-04-28 00:25:18.705254
91720000|0.0103|1|2024-04-28 00:25:18.705254
91730000|0.314|1|2024-04-28 00:25:18.705254
91705000|0.1356|1|2024-04-28 00:25:23.820823
91711000|0.1101|1|2024-04-28 00:25:23.820823
91714000|0.1088|1|2024-04-28 00:25:23.820823
91720000|0.0103|1|2024-04-28 00:25:23.820823
91730000|0.314|1|2024-04-28 00:25:23.820823
91705000|0.1356|1|2024-04-28 00:25:28.979101
91711000|0.1101|1|2024-04-28 00:25:28.979101
91714000|0.1088|1|2024-04-28 00:25:28.979101
91720000|0.0103|1|2024-04-28 00:25:28.979101
91730000|0.314|1|2024-04-28 00:25:28.979101
91705000|0.1061|1|2024-04-28 00:25:34.110810
91711000|0.1101|1|2024-04-28 00:25:34.110810
91714000|0.1088|1|2024-04-28 00:25:34.110810
91720000|0.0103|1|2024-04-28 00:25:34.110810
91732000|0.0119|1|2024-04-28 00:25:34.110810
91705000|0.0746|1|2024-04-28 00:25:39.227348
91711000|0.1103|1|2024-04-28 00:25:39.227348
91714000|0.1088|1|2024-04-28 00:25:39.227348
91720000|0.0103|1|2024-04-28 00:25:39.227348
91732000|0.0119|1|2024-04-28 00:25:39.227348
91711000|0.1104|1|2024-04-28 00:25:44.350347
91720000|0.0103|1|2024-04-28 00:25:44.350347
91732000|0.1207|1|2024-04-28 00:25:44.350347
91738000|0.0032|1|2024-04-28 00:25:44.350347
91741000|0.0024|1|2024-04-28 00:25:44.350347
91710000|0.0001|1|2024-04-28 00:25:49.470761
91711000|0.1103|1|2024-04-28 00:25:49.470761
91720000|0.0103|1|2024-04-28 00:25:49.470761
91732000|0.1207|1|2024-04-28 00:25:49.470761
91738000|0.0032|1|2024-04-28 00:25:49.470761
91708000|0.0021|1|2024-04-28 00:25:54.617152
91711000|0.1103|1|2024-04-28 00:25:54.617152
91720000|0.0103|1|2024-04-28 00:25:54.617152
91732000|0.1207|1|2024-04-28 00:25:54.617152
91738000|0.0032|1|2024-04-28 00:25:54.617152
91707000|0.0021|1|2024-04-28 00:25:59.728636
91711000|0.1103|1|2024-04-28 00:25:59.728636
91720000|0.0103|1|2024-04-28 00:25:59.728636
91732000|0.1207|1|2024-04-28 00:25:59.728636
91738000|0.0032|1|2024-04-28 00:25:59.728636
91705000|0.0001|1|2024-04-28 00:26:04.852637
91711000|0.1103|1|2024-04-28 00:26:04.852637
91720000|0.0103|1|2024-04-28 00:26:04.852637
91732000|0.1207|1|2024-04-28 00:26:04.852637
91738000|0.0032|1|2024-04-28 00:26:04.852637
91707000|0.101|1|2024-04-28 00:26:09.976782
91710000|0.0774|1|2024-04-28 00:26:09.976782
91711000|0.1103|1|2024-04-28 00:26:09.976782
91720000|0.0103|1|2024-04-28 00:26:09.976782
91732000|0.1207|1|2024-04-28 00:26:09.976782
91707000|0.101|1|2024-04-28 00:26:15.087765
91710000|0.0774|1|2024-04-28 00:26:15.087765
91711000|0.1103|1|2024-04-28 00:26:15.087765
91720000|0.0103|1|2024-04-28 00:26:15.087765
91732000|0.1207|1|2024-04-28 00:26:15.087765
91707000|0.098|1|2024-04-28 00:26:20.200188
91711000|0.1103|1|2024-04-28 00:26:20.200188
91720000|0.0103|1|2024-04-28 00:26:20.200188
91732000|0.1207|1|2024-04-28 00:26:20.200188
91738000|0.0032|1|2024-04-28 00:26:20.200188
91706000|0.0775|1|2024-04-28 00:26:25.308035
91707000|0.0979|1|2024-04-28 00:26:25.308035
91711000|0.1103|1|2024-04-28 00:26:25.308035
91717000|0.1088|1|2024-04-28 00:26:25.308035
91720000|0.0103|1|2024-04-28 00:26:25.308035
91705000|0.0099|1|2024-04-28 00:26:30.410547
91706000|0.0774|1|2024-04-28 00:26:30.410547
91707000|0.0979|1|2024-04-28 00:26:30.410547
91711000|0.1103|1|2024-04-28 00:26:30.410547
91717000|0.1088|1|2024-04-28 00:26:30.410547
91703000|0.001|1|2024-04-28 00:26:35.525392
91705000|0.0099|1|2024-04-28 00:26:35.525392
91707000|0.0979|1|2024-04-28 00:26:35.525392
91711000|0.1103|1|2024-04-28 00:26:35.525392
91720000|0.0103|1|2024-04-28 00:26:35.525392
91706000|0.0433|1|2024-04-28 00:26:40.665281
91707000|0.0979|1|2024-04-28 00:26:40.665281
91711000|0.1103|1|2024-04-28 00:26:40.665281
91720000|0.0103|1|2024-04-28 00:26:40.665281
91721000|0.1088|1|2024-04-28 00:26:40.665281
91803000|0.0001|1|2024-04-28 00:26:45.829037
91805000|0.002|1|2024-04-28 00:26:45.829037
91806000|0.0256|1|2024-04-28 00:26:45.829037
91807000|0.0013|1|2024-04-28 00:26:45.829037
91813000|0.0002|1|2024-04-28 00:26:45.829037
91788000|0.0225|1|2024-04-28 00:26:50.958723
91795000|0.0002|1|2024-04-28 00:26:50.958723
91803000|0.0549|1|2024-04-28 00:26:50.958723
91804000|0.0193|1|2024-04-28 00:26:50.958723
91805000|0.002|1|2024-04-28 00:26:50.958723
91754000|0.0001|1|2024-04-28 00:26:56.078396
91787000|0.0193|1|2024-04-28 00:26:56.078396
91788000|0.0462|1|2024-04-28 00:26:56.078396
91791000|0.3079|1|2024-04-28 00:26:56.078396
91795000|0.0002|1|2024-04-28 00:26:56.078396
91753000|0.0101|1|2024-04-28 00:27:01.264486
91783000|0.0366|1|2024-04-28 00:27:01.264486
91784000|0.0655|1|2024-04-28 00:27:01.264486
91785000|0.0185|1|2024-04-28 00:27:01.264486
91786000|0.1173|1|2024-04-28 00:27:01.264486
91753000|0.0101|1|2024-04-28 00:27:06.408653
91783000|0.0366|1|2024-04-28 00:27:06.408653
91784000|0.0928|1|2024-04-28 00:27:06.408653
91785000|0.0185|1|2024-04-28 00:27:06.408653
91786000|0.09|1|2024-04-28 00:27:06.408653
91783000|0.0096|1|2024-04-28 00:27:11.525526
91784000|0.0743|1|2024-04-28 00:27:11.525526
91785000|0.0185|1|2024-04-28 00:27:11.525526
91786000|0.09|1|2024-04-28 00:27:11.525526
91787000|0.0353|1|2024-04-28 00:27:11.525526
91745000|0.0031|1|2024-04-28 00:27:16.638238
91782000|0.0096|1|2024-04-28 00:27:16.638238
91783000|0.0082|1|2024-04-28 00:27:16.638238
91785000|0.0002|1|2024-04-28 00:27:16.638238
91788000|0.0277|1|2024-04-28 00:27:16.638238
91744000|0.0095|1|2024-04-28 00:27:21.749756
91754000|0.0654|1|2024-04-28 00:27:21.749756
91755000|0.09|1|2024-04-28 00:27:21.749756
91756000|0.0353|1|2024-04-28 00:27:21.749756
91757000|0.0386|1|2024-04-28 00:27:21.749756
91754000|0.0594|1|2024-04-28 00:27:26.887822
91755000|0.09|1|2024-04-28 00:27:26.887822
91756000|0.0353|1|2024-04-28 00:27:26.887822
91757000|0.0486|1|2024-04-28 00:27:26.887822
91758000|0.0084|1|2024-04-28 00:27:26.887822
91751000|0.0137|1|2024-04-28 00:27:32.006257
91752000|0.0771|1|2024-04-28 00:27:32.006257
91753000|0.094|1|2024-04-28 00:27:32.006257
91754000|0.0935|1|2024-04-28 00:27:32.006257
91756000|0.0084|1|2024-04-28 00:27:32.006257
91749000|0.0201|1|2024-04-28 00:27:37.150851
91751000|0.0135|1|2024-04-28 00:27:37.150851
91752000|0.0771|1|2024-04-28 00:27:37.150851
91753000|0.094|1|2024-04-28 00:27:37.150851
91754000|0.0935|1|2024-04-28 00:27:37.150851
91749000|0.0232|1|2024-04-28 00:27:42.278302
91750000|0.0871|1|2024-04-28 00:27:42.278302
91751000|0.094|1|2024-04-28 00:27:42.278302
91752000|0.0386|1|2024-04-28 00:27:42.278302
91754000|0.0633|1|2024-04-28 00:27:42.278302
91749000|0.0148|1|2024-04-28 00:27:47.450699
91750000|0.0871|1|2024-04-28 00:27:47.450699
91751000|0.094|1|2024-04-28 00:27:47.450699
91752000|0.0386|1|2024-04-28 00:27:47.450699
91754000|0.0633|1|2024-04-28 00:27:47.450699
91749000|0.0148|1|2024-04-28 00:27:52.593255
91750000|0.0871|1|2024-04-28 00:27:52.593255
91751000|0.094|1|2024-04-28 00:27:52.593255
91752000|0.0386|1|2024-04-28 00:27:52.593255
91754000|0.0633|1|2024-04-28 00:27:52.593255
91750000|0.0871|1|2024-04-28 00:27:57.707051
91751000|0.094|1|2024-04-28 00:27:57.707051
91752000|0.047|1|2024-04-28 00:27:57.707051
91754000|0.0549|1|2024-04-28 00:27:57.707051
91757000|0.01|1|2024-04-28 00:27:57.707051
91750000|0.087|1|2024-04-28 00:28:02.876236
91751000|0.094|1|2024-04-28 00:28:02.876236
91752000|0.047|1|2024-04-28 00:28:02.876236
91757000|0.01|1|2024-04-28 00:28:02.876236
91759000|0.0002|1|2024-04-28 00:28:02.876236
91749000|0.0199|1|2024-04-28 00:28:07.996615
91750000|0.0099|1|2024-04-28 00:28:07.996615
91757000|0.01|1|2024-04-28 00:28:07.996615
91765000|0.0313|1|2024-04-28 00:28:07.996615
91766000|0.0538|1|2024-04-28 00:28:07.996615
91757000|0.01|1|2024-04-28 00:28:13.107295
91765000|0.0313|1|2024-04-28 00:28:13.107295
91766000|0.0538|1|2024-04-28 00:28:13.107295
91767000|0.086|1|2024-04-28 00:28:13.107295
91768000|0.0144|1|2024-04-28 00:28:13.107295
91756000|0.001|1|2024-04-28 00:28:18.222878
91757000|0.0648|1|2024-04-28 00:28:18.222878
91779000|0.1004|1|2024-04-28 00:28:18.222878
91783000|0.0185|1|2024-04-28 00:28:18.222878
91784000|0.0587|1|2024-04-28 00:28:18.222878
91756000|0.0002|1|2024-04-28 00:28:23.351809
91757000|0.0648|1|2024-04-28 00:28:23.351809
91767000|0.001|1|2024-04-28 00:28:23.351809
91770000|0.01|1|2024-04-28 00:28:23.351809
91779000|0.1004|1|2024-04-28 00:28:23.351809
91757000|0.0614|1|2024-04-28 00:28:28.470633
91767000|0.001|1|2024-04-28 00:28:28.470633
91770000|0.01|1|2024-04-28 00:28:28.470633
91779000|0.1004|1|2024-04-28 00:28:28.470633
91783000|0.0498|1|2024-04-28 00:28:28.470633
91756000|0.002|1|2024-04-28 00:28:33.585971
91757000|0.0606|1|2024-04-28 00:28:33.585971
91767000|0.001|1|2024-04-28 00:28:33.585971
91770000|0.01|1|2024-04-28 00:28:33.585971
91779000|0.1004|1|2024-04-28 00:28:33.585971
91767000|0.0009|1|2024-04-28 00:28:38.765365
91770000|0.01|1|2024-04-28 00:28:38.765365
91779000|0.1|1|2024-04-28 00:28:38.765365
91791000|0.01|1|2024-04-28 00:28:38.765365
91800000|0.0109|1|2024-04-28 00:28:38.765365
91800000|0.0109|1|2024-04-28 00:28:43.879429
91803000|0.01|1|2024-04-28 00:28:43.879429
91805000|0.002|1|2024-04-28 00:28:43.879429
91806000|0.0016|1|2024-04-28 00:28:43.879429
91807000|0.0062|1|2024-04-28 00:28:43.879429
91800000|0.0316|1|2024-04-28 00:28:48.992245
91803000|0.01|1|2024-04-28 00:28:48.992245
91805000|0.002|1|2024-04-28 00:28:48.992245
91806000|0.0016|1|2024-04-28 00:28:48.992245
91807000|0.0062|1|2024-04-28 00:28:48.992245
91800000|0.0271|1|2024-04-28 00:28:54.137226
91803000|0.01|1|2024-04-28 00:28:54.137226
91805000|0.002|1|2024-04-28 00:28:54.137226
91806000|0.0016|1|2024-04-28 00:28:54.137226
91807000|0.0062|1|2024-04-28 00:28:54.137226
91803000|0.0021|1|2024-04-28 00:28:59.255032
91805000|0.002|1|2024-04-28 00:28:59.255032
91806000|0.0016|1|2024-04-28 00:28:59.255032
91807000|0.0062|1|2024-04-28 00:28:59.255032
91813000|0.0112|1|2024-04-28 00:28:59.255032
91813000|0.001|1|2024-04-28 00:29:04.360254
91814000|0.0002|1|2024-04-28 00:29:04.360254
91820000|0.0002|1|2024-04-28 00:29:04.360254
91821000|0.0119|1|2024-04-28 00:29:04.360254
91833000|0.0002|1|2024-04-28 00:29:04.360254
91814000|0.0002|1|2024-04-28 00:29:09.468295
91820000|0.0002|1|2024-04-28 00:29:09.468295
91821000|0.0119|1|2024-04-28 00:29:09.468295
91833000|0.0002|1|2024-04-28 00:29:09.468295
91841000|0.0365|1|2024-04-28 00:29:09.468295
91820000|0.0001|1|2024-04-28 00:29:14.589473
91821000|0.0119|1|2024-04-28 00:29:14.589473
91833000|0.0002|1|2024-04-28 00:29:14.589473
91844000|0.0001|1|2024-04-28 00:29:14.589473
91846000|0.0002|1|2024-04-28 00:29:14.589473
91863000|0.002|1|2024-04-28 00:29:19.700060
91870000|0.01|1|2024-04-28 00:29:19.700060
91888000|0.101|1|2024-04-28 00:29:19.700060
91898000|0.0008|1|2024-04-28 00:29:19.700060
91900000|0.3459|1|2024-04-28 00:29:19.700060
91888000|0.101|1|2024-04-28 00:29:24.810346
91898000|0.0008|1|2024-04-28 00:29:24.810346
91900000|0.3559|1|2024-04-28 00:29:24.810346
91901000|0.0025|1|2024-04-28 00:29:24.810346
91902000|0.014|1|2024-04-28 00:29:24.810346
91888000|0.0881|1|2024-04-28 00:29:29.919057
91898000|0.0108|1|2024-04-28 00:29:29.919057
91900000|0.3559|1|2024-04-28 00:29:29.919057
91901000|0.0025|1|2024-04-28 00:29:29.919057
91902000|0.0259|1|2024-04-28 00:29:29.919057
91903000|0.0072|1|2024-04-28 00:29:35.028071
91904000|0.0433|1|2024-04-28 00:29:35.028071
91905000|0.0185|1|2024-04-28 00:29:35.028071
91906000|0.0588|1|2024-04-28 00:29:35.028071
91907000|0.0495|1|2024-04-28 00:29:35.028071
91898000|0.0169|1|2024-04-28 00:29:40.147878
91900000|0.0715|1|2024-04-28 00:29:40.147878
91901000|0.0313|1|2024-04-28 00:29:40.147878
91902000|0.0536|1|2024-04-28 00:29:40.147878
91903000|0.0418|1|2024-04-28 00:29:40.147878
91857000|0.0881|1|2024-04-28 00:29:45.291098
91898000|0.0169|1|2024-04-28 00:29:45.291098
91900000|0.0715|1|2024-04-28 00:29:45.291098
91901000|0.0313|1|2024-04-28 00:29:45.291098
91902000|0.0536|1|2024-04-28 00:29:45.291098
91897000|0.002|1|2024-04-28 00:29:50.407227
91898000|0.0169|1|2024-04-28 00:29:50.407227
91900000|0.0715|1|2024-04-28 00:29:50.407227
91901000|0.0313|1|2024-04-28 00:29:50.407227
91902000|0.0536|1|2024-04-28 00:29:50.407227
91890000|0.0033|1|2024-04-28 00:29:55.524193
91898000|0.0169|1|2024-04-28 00:29:55.524193
91900000|0.0715|1|2024-04-28 00:29:55.524193
91901000|0.0313|1|2024-04-28 00:29:55.524193
91902000|0.0557|1|2024-04-28 00:29:55.524193
91857000|1.1029|1|2024-04-28 00:30:00.635816
91890000|0.0044|1|2024-04-28 00:30:00.635816
91898000|0.0169|1|2024-04-28 00:30:00.635816
91900000|0.0726|1|2024-04-28 00:30:00.635816
91901000|0.0313|1|2024-04-28 00:30:00.635816
91857000|0.6049|1|2024-04-28 00:30:05.746321
91889000|0.0367|1|2024-04-28 00:30:05.746321
91890000|0.0044|1|2024-04-28 00:30:05.746321
91893000|0.0002|1|2024-04-28 00:30:05.746321
91898000|0.0149|1|2024-04-28 00:30:05.746321
91857000|0.5992|1|2024-04-28 00:30:10.857506
91886000|0.0304|1|2024-04-28 00:30:10.857506
91887000|0.0185|1|2024-04-28 00:30:10.857506
91888000|0.0016|1|2024-04-28 00:30:10.857506
91889000|0.0949|1|2024-04-28 00:30:10.857506
91857000|0.5882|1|2024-04-28 00:30:15.998563
91862000|0.0304|1|2024-04-28 00:30:15.998563
91864000|0.0201|1|2024-04-28 00:30:15.998563
91865000|0.0939|1|2024-04-28 00:30:15.998563
91867000|0.0354|1|2024-04-28 00:30:15.998563
91867000|0.001|1|2024-04-28 00:30:21.133549
91887000|0.001|1|2024-04-28 00:30:21.133549
91889000|0.1103|1|2024-04-28 00:30:21.133549
91890000|0.0021|1|2024-04-28 00:30:21.133549
91891000|0.001|1|2024-04-28 00:30:21.133549
91865000|0.1089|1|2024-04-28 00:30:26.246813
91866000|0.002|1|2024-04-28 00:30:26.246813
91867000|0.0204|1|2024-04-28 00:30:26.246813
91886000|0.314|1|2024-04-28 00:30:26.246813
91887000|0.001|1|2024-04-28 00:30:26.246813
91865000|0.0318|1|2024-04-28 00:30:31.376413
91885000|0.1093|1|2024-04-28 00:30:31.376413
91886000|0.314|1|2024-04-28 00:30:31.376413
91887000|0.0204|1|2024-04-28 00:30:31.376413
91889000|0.001|1|2024-04-28 00:30:31.376413
91863000|0.1089|1|2024-04-28 00:30:36.530835
91865000|0.0491|1|2024-04-28 00:30:36.530835
91885000|0.1103|1|2024-04-28 00:30:36.530835
91886000|0.314|1|2024-04-28 00:30:36.530835
91887000|0.0214|1|2024-04-28 00:30:36.530835
91860000|0.0002|1|2024-04-28 00:30:41.643812
91861000|0.002|1|2024-04-28 00:30:41.643812
91864000|0.0193|1|2024-04-28 00:30:41.643812
91865000|0.0193|1|2024-04-28 00:30:41.643812
91867000|0.0108|1|2024-04-28 00:30:41.643812
91850000|0.0174|1|2024-04-28 00:30:46.756758
91855000|0.1087|1|2024-04-28 00:30:46.756758
91864000|0.0193|1|2024-04-28 00:30:46.756758
91865000|0.0193|1|2024-04-28 00:30:46.756758
91867000|0.0108|1|2024-04-28 00:30:46.756758
91850000|0.1152|1|2024-04-28 00:30:51.897537
91858000|0.1087|1|2024-04-28 00:30:51.897537
91864000|0.0193|1|2024-04-28 00:30:51.897537
91865000|0.0193|1|2024-04-28 00:30:51.897537
91867000|0.0108|1|2024-04-28 00:30:51.897537
91846000|0.0342|1|2024-04-28 00:30:57.029295
91850000|0.1152|1|2024-04-28 00:30:57.029295
91855000|0.1087|1|2024-04-28 00:30:57.029295
91867000|0.0108|1|2024-04-28 00:30:57.029295
91868000|0.3142|1|2024-04-28 00:30:57.029295
91845000|0.006|1|2024-04-28 00:31:02.140678
91846000|0.032|1|2024-04-28 00:31:02.140678
91850000|0.1163|1|2024-04-28 00:31:02.140678
91851000|0.1114|1|2024-04-28 00:31:02.140678
91852000|0.1087|1|2024-04-28 00:31:02.140678
91844000|0.002|1|2024-04-28 00:31:07.258284
91845000|0.0061|1|2024-04-28 00:31:07.258284
91846000|0.0465|1|2024-04-28 00:31:07.258284
91850000|0.101|1|2024-04-28 00:31:07.258284
91852000|0.1087|1|2024-04-28 00:31:07.258284
91844000|0.0144|1|2024-04-28 00:31:12.369950
91845000|0.006|1|2024-04-28 00:31:12.369950
91846000|0.0465|1|2024-04-28 00:31:12.369950
91849000|0.1106|1|2024-04-28 00:31:12.369950
91850000|0.2097|1|2024-04-28 00:31:12.369950
91844000|0.0146|1|2024-04-28 00:31:17.492998
91845000|0.006|1|2024-04-28 00:31:17.492998
91846000|0.0465|1|2024-04-28 00:31:17.492998
91850000|0.101|1|2024-04-28 00:31:17.492998
91867000|0.1204|1|2024-04-28 00:31:17.492998
91850000|0.011|1|2024-04-28 00:31:22.605857
91867000|0.0108|1|2024-04-28 00:31:22.605857
91868000|0.0002|1|2024-04-28 00:31:22.605857
91883000|0.1099|1|2024-04-28 00:31:22.605857
91884000|0.314|1|2024-04-28 00:31:22.605857
91898000|0.0099|1|2024-04-28 00:31:27.718729
91900000|0.1097|1|2024-04-28 00:31:27.718729
91901000|0.0121|1|2024-04-28 00:31:27.718729
91902000|0.0021|1|2024-04-28 00:31:27.718729
91903000|0.0131|1|2024-04-28 00:31:27.718729
91895000|0.1036|1|2024-04-28 00:31:32.860495
91896000|0.1087|1|2024-04-28 00:31:32.860495
91898000|0.0038|1|2024-04-28 00:31:32.860495
91900000|0.001|1|2024-04-28 00:31:32.860495
91901000|0.0121|1|2024-04-28 00:31:32.860495
91893000|0.0001|1|2024-04-28 00:31:37.982620
91903000|0.0108|1|2024-04-28 00:31:37.982620
91906000|0.0043|1|2024-04-28 00:31:37.982620
91908000|0.001|1|2024-04-28 00:31:37.982620
91909000|0.001|1|2024-04-28 00:31:37.982620
91893000|0.0|1|2024-04-28 00:31:43.099514
91903000|0.0108|1|2024-04-28 00:31:43.099514
91906000|0.113|1|2024-04-28 00:31:43.099514
91908000|0.001|1|2024-04-28 00:31:43.099514
91909000|0.001|1|2024-04-28 00:31:43.099514
91893000|0.0|1|2024-04-28 00:31:48.216485
91903000|0.0108|1|2024-04-28 00:31:48.216485
91906000|0.0043|1|2024-04-28 00:31:48.216485
91908000|0.001|1|2024-04-28 00:31:48.216485
91909000|0.0021|1|2024-04-28 00:31:48.216485
91891000|0.0861|1|2024-04-28 00:31:53.327907
91893000|0.0|1|2024-04-28 00:31:53.327907
91900000|0.1087|1|2024-04-28 00:31:53.327907
91902000|0.0421|1|2024-04-28 00:31:53.327907
91903000|0.0108|1|2024-04-28 00:31:53.327907
91890000|0.0406|1|2024-04-28 00:31:58.440840
91891000|0.0872|1|2024-04-28 00:31:58.440840
91893000|0.0011|1|2024-04-28 00:31:58.440840
91898000|0.1087|1|2024-04-28 00:31:58.440840
91902000|0.0421|1|2024-04-28 00:31:58.440840
91887000|0.1087|1|2024-04-28 00:32:03.657503
91888000|0.0421|1|2024-04-28 00:32:03.657503
91890000|0.0417|1|2024-04-28 00:32:03.657503
91891000|0.0872|1|2024-04-28 00:32:03.657503
91893000|0.0011|1|2024-04-28 00:32:03.657503
91888000|0.0342|1|2024-04-28 00:32:08.783375
91889000|0.1099|1|2024-04-28 00:32:08.783375
91890000|0.0417|1|2024-04-28 00:32:08.783375
91891000|0.0021|1|2024-04-28 00:32:08.783375
91893000|0.0011|1|2024-04-28 00:32:08.783375
91882000|0.1099|1|2024-04-28 00:32:13.898963
91883000|0.1103|1|2024-04-28 00:32:13.898963
91887000|0.0262|1|2024-04-28 00:32:13.898963
91888000|0.0342|1|2024-04-28 00:32:13.898963
91889000|0.001|1|2024-04-28 00:32:13.898963
91888000|0.0362|1|2024-04-28 00:32:19.054263
91889000|0.0427|1|2024-04-28 00:32:19.054263
91890000|0.0417|1|2024-04-28 00:32:19.054263
91891000|0.0021|1|2024-04-28 00:32:19.054263
91893000|0.0011|1|2024-04-28 00:32:19.054263
91884000|0.1087|1|2024-04-28 00:32:24.176091
91885000|0.025|1|2024-04-28 00:32:24.176091
91887000|0.141|1|2024-04-28 00:32:24.176091
91888000|0.0366|1|2024-04-28 00:32:24.176091
91889000|0.0427|1|2024-04-28 00:32:24.176091
91858000|0.1075|1|2024-04-28 00:32:29.291614
91859000|0.314|1|2024-04-28 00:32:29.291614
91883000|0.002|1|2024-04-28 00:32:29.291614
91886000|0.0021|1|2024-04-28 00:32:29.291614
91888000|0.0366|1|2024-04-28 00:32:29.291614
91855000|0.0565|1|2024-04-28 00:32:34.424868
91857000|0.0253|1|2024-04-28 00:32:34.424868
91859000|0.314|1|2024-04-28 00:32:34.424868
91884000|0.001|1|2024-04-28 00:32:34.424868
91886000|0.0032|1|2024-04-28 00:32:34.424868
91842000|0.0901|1|2024-04-28 00:32:39.584206
91853000|0.314|1|2024-04-28 00:32:39.584206
91857000|0.0253|1|2024-04-28 00:32:39.584206
91884000|0.001|1|2024-04-28 00:32:39.584206
91886000|0.0032|1|2024-04-28 00:32:39.584206
91839000|0.1087|1|2024-04-28 00:32:44.704511
91840000|0.0213|1|2024-04-28 00:32:44.704511
91841000|0.0001|1|2024-04-28 00:32:44.704511
91842000|0.0725|1|2024-04-28 00:32:44.704511
91853000|0.314|1|2024-04-28 00:32:44.704511
91834000|0.1088|1|2024-04-28 00:32:49.822162
91835000|0.314|1|2024-04-28 00:32:49.822162
91838000|0.0193|1|2024-04-28 00:32:49.822162
91840000|0.0193|1|2024-04-28 00:32:49.822162
91842000|0.0725|1|2024-04-28 00:32:49.822162
91832000|0.1088|1|2024-04-28 00:32:54.936716
91833000|0.0193|1|2024-04-28 00:32:54.936716
91835000|0.314|1|2024-04-28 00:32:54.936716
91838000|0.0193|1|2024-04-28 00:32:54.936716
91840000|0.0193|1|2024-04-28 00:32:54.936716
91830000|0.1088|1|2024-04-28 00:33:00.046771
91831000|0.0193|1|2024-04-28 00:33:00.046771
91832000|0.0009|1|2024-04-28 00:33:00.046771
91833000|0.0193|1|2024-04-28 00:33:00.046771
91835000|0.314|1|2024-04-28 00:33:00.046771
91831000|0.0191|1|2024-04-28 00:33:05.156710
91832000|0.0009|1|2024-04-28 00:33:05.156710
91835000|0.314|1|2024-04-28 00:33:05.156710
91853000|0.0002|1|2024-04-28 00:33:05.156710
91857000|0.0253|1|2024-04-28 00:33:05.156710
91811000|0.0003|1|2024-04-28 00:33:10.267946
91830000|0.0164|1|2024-04-28 00:33:10.267946
91831000|0.0191|1|2024-04-28 00:33:10.267946
91832000|0.0009|1|2024-04-28 00:33:10.267946
91835000|0.314|1|2024-04-28 00:33:10.267946
91826000|0.0707|1|2024-04-28 00:33:15.388923
91829000|0.1225|1|2024-04-28 00:33:15.388923
91830000|0.0144|1|2024-04-28 00:33:15.388923
91831000|0.0191|1|2024-04-28 00:33:15.388923
91832000|0.0009|1|2024-04-28 00:33:15.388923
91824000|0.1032|1|2024-04-28 00:33:20.498530
91825000|0.0144|1|2024-04-28 00:33:20.498530
91829000|0.1235|1|2024-04-28 00:33:20.498530
91830000|0.0144|1|2024-04-28 00:33:20.498530
91831000|0.0191|1|2024-04-28 00:33:20.498530
91824000|0.1177|1|2024-04-28 00:33:25.619334
91825000|0.0144|1|2024-04-28 00:33:25.619334
91829000|0.1235|1|2024-04-28 00:33:25.619334
91830000|0.0144|1|2024-04-28 00:33:25.619334
91831000|0.0191|1|2024-04-28 00:33:25.619334
91821000|0.1108|1|2024-04-28 00:33:30.740124
91824000|0.0144|1|2024-04-28 00:33:30.740124
91825000|0.0144|1|2024-04-28 00:33:30.740124
91829000|0.1235|1|2024-04-28 00:33:30.740124
91830000|0.0144|1|2024-04-28 00:33:30.740124
91809000|0.1088|1|2024-04-28 00:33:35.856244
91810000|0.005|1|2024-04-28 00:33:35.856244
91818000|0.3142|1|2024-04-28 00:33:35.856244
91820000|0.002|1|2024-04-28 00:33:35.856244
91824000|0.0144|1|2024-04-28 00:33:35.856244
91810000|0.0008|1|2024-04-28 00:33:40.995738
91818000|0.3142|1|2024-04-28 00:33:40.995738
91824000|0.1232|1|2024-04-28 00:33:40.995738
91825000|0.0144|1|2024-04-28 00:33:40.995738
91829000|0.1235|1|2024-04-28 00:33:40.995738
91809000|0.0302|1|2024-04-28 00:33:46.102717
91810000|0.0006|1|2024-04-28 00:33:46.102717
91818000|0.0002|1|2024-04-28 00:33:46.102717
91820000|0.0062|1|2024-04-28 00:33:46.102717
91824000|0.0144|1|2024-04-28 00:33:46.102717
91798000|0.1088|1|2024-04-28 00:33:51.243173
91799000|0.002|1|2024-04-28 00:33:51.243173
91800000|0.0002|1|2024-04-28 00:33:51.243173
91801000|0.3127|1|2024-04-28 00:33:51.243173
91810000|0.0006|1|2024-04-28 00:33:51.243173
91796000|0.0002|1|2024-04-28 00:33:56.360123
91797000|0.002|1|2024-04-28 00:33:56.360123
91801000|0.3127|1|2024-04-28 00:33:56.360123
91808000|0.0989|1|2024-04-28 00:33:56.360123
91810000|0.0006|1|2024-04-28 00:33:56.360123
91794000|0.0002|1|2024-04-28 00:34:01.477894
91799000|0.1088|1|2024-04-28 00:34:01.477894
91801000|0.3127|1|2024-04-28 00:34:01.477894
91808000|0.0989|1|2024-04-28 00:34:01.477894
91810000|0.0006|1|2024-04-28 00:34:01.477894
91794000|0.059|1|2024-04-28 00:34:06.586717
91801000|0.3127|1|2024-04-28 00:34:06.586717
91810000|0.0006|1|2024-04-28 00:34:06.586717
91818000|0.0002|1|2024-04-28 00:34:06.586717
91820000|0.0062|1|2024-04-28 00:34:06.586717
91793000|0.0001|1|2024-04-28 00:34:11.699597
91794000|0.1578|1|2024-04-28 00:34:11.699597
91801000|0.317|1|2024-04-28 00:34:11.699597
91810000|0.0006|1|2024-04-28 00:34:11.699597
91818000|0.0002|1|2024-04-28 00:34:11.699597
91784000|0.0177|1|2024-04-28 00:34:16.839575
91790000|0.1089|1|2024-04-28 00:34:16.839575
91794000|0.1578|1|2024-04-28 00:34:16.839575
91801000|0.317|1|2024-04-28 00:34:16.839575
91810000|0.0006|1|2024-04-28 00:34:16.839575
91784000|0.0177|1|2024-04-28 00:34:21.955966
91785000|0.0156|1|2024-04-28 00:34:21.955966
91794000|0.0589|1|2024-04-28 00:34:21.955966
91800000|0.0108|1|2024-04-28 00:34:21.955966
91801000|0.317|1|2024-04-28 00:34:21.955966
91784000|0.0048|1|2024-04-28 00:34:27.094929
91785000|0.0156|1|2024-04-28 00:34:27.094929
91786000|0.0156|1|2024-04-28 00:34:27.094929
91794000|0.1678|1|2024-04-28 00:34:27.094929
91800000|0.0108|1|2024-04-28 00:34:27.094929
91784000|0.0205|1|2024-04-28 00:34:32.222514
91785000|0.0156|1|2024-04-28 00:34:32.222514
91786000|0.0156|1|2024-04-28 00:34:32.222514
91794000|0.0589|1|2024-04-28 00:34:32.222514
91800000|0.0108|1|2024-04-28 00:34:32.222514
91784000|0.1307|1|2024-04-28 00:34:37.350572
91785000|0.0156|1|2024-04-28 00:34:37.350572
91786000|0.0156|1|2024-04-28 00:34:37.350572
91794000|0.0589|1|2024-04-28 00:34:37.350572
91800000|0.0108|1|2024-04-28 00:34:37.350572
91784000|0.0218|1|2024-04-28 00:34:42.488797
91785000|0.0156|1|2024-04-28 00:34:42.488797
91786000|0.1245|1|2024-04-28 00:34:42.488797
91794000|0.0589|1|2024-04-28 00:34:42.488797
91800000|0.0108|1|2024-04-28 00:34:42.488797
91783000|0.0001|1|2024-04-28 00:34:47.606956
91784000|0.0197|1|2024-04-28 00:34:47.606956
91785000|0.0156|1|2024-04-28 00:34:47.606956
91786000|0.1245|1|2024-04-28 00:34:47.606956
91794000|0.0591|1|2024-04-28 00:34:47.606956
91793000|0.1089|1|2024-04-28 00:34:52.756726
91794000|0.0591|1|2024-04-28 00:34:52.756726
91800000|0.0108|1|2024-04-28 00:34:52.756726
91801000|0.318|1|2024-04-28 00:34:52.756726
91810000|0.0006|1|2024-04-28 00:34:52.756726
91783000|0.0001|1|2024-04-28 00:34:57.873179
91790000|0.002|1|2024-04-28 00:34:57.873179
91793000|0.0163|1|2024-04-28 00:34:57.873179
91794000|0.0591|1|2024-04-28 00:34:57.873179
91800000|0.0108|1|2024-04-28 00:34:57.873179
91783000|0.1267|1|2024-04-28 00:35:02.977381
91793000|0.0163|1|2024-04-28 00:35:02.977381
91794000|0.0591|1|2024-04-28 00:35:02.977381
91800000|0.0108|1|2024-04-28 00:35:02.977381
91801000|0.318|1|2024-04-28 00:35:02.977381
91783000|0.1247|1|2024-04-28 00:35:08.114371
91784000|0.0163|1|2024-04-28 00:35:08.114371
91793000|0.0163|1|2024-04-28 00:35:08.114371
91794000|0.0591|1|2024-04-28 00:35:08.114371
91800000|0.0108|1|2024-04-28 00:35:08.114371
91783000|0.1225|1|2024-04-28 00:35:13.268525
91784000|0.0163|1|2024-04-28 00:35:13.268525
91793000|0.0163|1|2024-04-28 00:35:13.268525
91794000|0.0591|1|2024-04-28 00:35:13.268525
91800000|0.0108|1|2024-04-28 00:35:13.268525
91783000|0.1089|1|2024-04-28 00:35:18.423855
91784000|0.0163|1|2024-04-28 00:35:18.423855
91793000|0.0163|1|2024-04-28 00:35:18.423855
91794000|0.0591|1|2024-04-28 00:35:18.423855
91800000|0.0108|1|2024-04-28 00:35:18.423855
91783000|0.0061|1|2024-04-28 00:35:23.532255
91784000|0.0163|1|2024-04-28 00:35:23.532255
91793000|0.0163|1|2024-04-28 00:35:23.532255
91794000|0.0591|1|2024-04-28 00:35:23.532255
91800000|0.0108|1|2024-04-28 00:35:23.532255
91783000|0.0103|1|2024-04-28 00:35:28.643751
91784000|0.0163|1|2024-04-28 00:35:28.643751
91793000|0.0163|1|2024-04-28 00:35:28.643751
91794000|0.0591|1|2024-04-28 00:35:28.643751
91800000|0.0108|1|2024-04-28 00:35:28.643751
91784000|0.0163|1|2024-04-28 00:35:33.753929
91793000|0.0163|1|2024-04-28 00:35:33.753929
91794000|0.0591|1|2024-04-28 00:35:33.753929
91800000|0.0108|1|2024-04-28 00:35:33.753929
91801000|0.0053|1|2024-04-28 00:35:33.753929
91784000|0.0163|1|2024-04-28 00:35:38.883886
91793000|0.0163|1|2024-04-28 00:35:38.883886
91794000|0.0591|1|2024-04-28 00:35:38.883886
91800000|0.0108|1|2024-04-28 00:35:38.883886
91801000|0.0053|1|2024-04-28 00:35:38.883886
91784000|0.0163|1|2024-04-28 00:35:44.004125
91793000|0.1251|1|2024-04-28 00:35:44.004125
91794000|0.0591|1|2024-04-28 00:35:44.004125
91800000|0.0108|1|2024-04-28 00:35:44.004125
91801000|0.0053|1|2024-04-28 00:35:44.004125
91784000|0.0163|1|2024-04-28 00:35:49.112502
91793000|0.1251|1|2024-04-28 00:35:49.112502
91794000|0.0591|1|2024-04-28 00:35:49.112502
91800000|0.0108|1|2024-04-28 00:35:49.112502
91801000|0.0053|1|2024-04-28 00:35:49.112502
91793000|0.125|1|2024-04-28 00:35:54.233788
91794000|0.0591|1|2024-04-28 00:35:54.233788
91800000|0.0108|1|2024-04-28 00:35:54.233788
91801000|0.0053|1|2024-04-28 00:35:54.233788
91802000|0.314|1|2024-04-28 00:35:54.233788
91785000|0.0021|1|2024-04-28 00:35:59.335959
91793000|0.0163|1|2024-04-28 00:35:59.335959
91794000|0.0591|1|2024-04-28 00:35:59.335959
91800000|0.0108|1|2024-04-28 00:35:59.335959
91801000|0.0053|1|2024-04-28 00:35:59.335959
91765000|0.0113|1|2024-04-28 00:36:04.443573
91794000|0.0412|1|2024-04-28 00:36:04.443573
91800000|0.0108|1|2024-04-28 00:36:04.443573
91801000|0.0053|1|2024-04-28 00:36:04.443573
91802000|0.314|1|2024-04-28 00:36:04.443573
91757000|0.0184|1|2024-04-28 00:36:09.576927
91786000|0.1087|1|2024-04-28 00:36:09.576927
91794000|0.0412|1|2024-04-28 00:36:09.576927
91800000|0.0108|1|2024-04-28 00:36:09.576927
91801000|0.0053|1|2024-04-28 00:36:09.576927
91773000|0.1087|1|2024-04-28 00:36:14.692536
91783000|0.0002|1|2024-04-28 00:36:14.692536
91794000|0.0397|1|2024-04-28 00:36:14.692536
91800000|0.0108|1|2024-04-28 00:36:14.692536
91801000|0.0053|1|2024-04-28 00:36:14.692536
91773000|0.0887|1|2024-04-28 00:36:19.805887
91783000|0.0002|1|2024-04-28 00:36:19.805887
91794000|0.0397|1|2024-04-28 00:36:19.805887
91795000|0.314|1|2024-04-28 00:36:19.805887
91800000|0.0108|1|2024-04-28 00:36:19.805887
91773000|0.0586|1|2024-04-28 00:36:24.955311
91774000|0.1087|1|2024-04-28 00:36:24.955311
91783000|0.0002|1|2024-04-28 00:36:24.955311
91794000|0.0397|1|2024-04-28 00:36:24.955311
91795000|0.314|1|2024-04-28 00:36:24.955311
91773000|0.0586|1|2024-04-28 00:36:30.072442
91774000|0.1087|1|2024-04-28 00:36:30.072442
91783000|0.0002|1|2024-04-28 00:36:30.072442
91794000|0.0397|1|2024-04-28 00:36:30.072442
91795000|0.314|1|2024-04-28 00:36:30.072442
91782000|0.1087|1|2024-04-28 00:36:35.201288
91783000|0.0002|1|2024-04-28 00:36:35.201288
91794000|0.0397|1|2024-04-28 00:36:35.201288
91795000|0.314|1|2024-04-28 00:36:35.201288
91800000|0.0108|1|2024-04-28 00:36:35.201288
91783000|0.0002|1|2024-04-28 00:36:40.322900
91787000|0.1087|1|2024-04-28 00:36:40.322900
91794000|0.0397|1|2024-04-28 00:36:40.322900
91795000|0.314|1|2024-04-28 00:36:40.322900
91800000|0.0108|1|2024-04-28 00:36:40.322900
91783000|0.0002|1|2024-04-28 00:36:45.452764
91787000|0.1087|1|2024-04-28 00:36:45.452764
91794000|0.0397|1|2024-04-28 00:36:45.452764
91795000|0.314|1|2024-04-28 00:36:45.452764
91800000|0.0108|1|2024-04-28 00:36:45.452764
91783000|0.0102|1|2024-04-28 00:36:50.573387
91787000|0.1087|1|2024-04-28 00:36:50.573387
91793000|0.1087|1|2024-04-28 00:36:50.573387
91794000|0.0397|1|2024-04-28 00:36:50.573387
91795000|0.314|1|2024-04-28 00:36:50.573387
91783000|0.0103|1|2024-04-28 00:36:55.693802
91787000|0.1087|1|2024-04-28 00:36:55.693802
91793000|0.1087|1|2024-04-28 00:36:55.693802
91794000|0.0397|1|2024-04-28 00:36:55.693802
91795000|0.314|1|2024-04-28 00:36:55.693802
91787000|0.1087|1|2024-04-28 00:37:00.811929
91794000|0.0397|1|2024-04-28 00:37:00.811929
91795000|0.314|1|2024-04-28 00:37:00.811929
91800000|0.0108|1|2024-04-28 00:37:00.811929
91801000|0.0053|1|2024-04-28 00:37:00.811929
91787000|0.1062|1|2024-04-28 00:37:05.916376
91788000|0.1087|1|2024-04-28 00:37:05.916376
91794000|0.0397|1|2024-04-28 00:37:05.916376
91795000|0.314|1|2024-04-28 00:37:05.916376
91800000|0.0108|1|2024-04-28 00:37:05.916376
91790000|0.1087|1|2024-04-28 00:37:11.090704
91794000|0.0397|1|2024-04-28 00:37:11.090704
91795000|0.314|1|2024-04-28 00:37:11.090704
91800000|0.0108|1|2024-04-28 00:37:11.090704
91801000|0.0053|1|2024-04-28 00:37:11.090704
91790000|0.1087|1|2024-04-28 00:37:16.206392
91794000|0.0397|1|2024-04-28 00:37:16.206392
91795000|0.314|1|2024-04-28 00:37:16.206392
91800000|0.0108|1|2024-04-28 00:37:16.206392
91801000|0.0053|1|2024-04-28 00:37:16.206392
91794000|0.0397|1|2024-04-28 00:37:21.318126
91800000|0.0108|1|2024-04-28 00:37:21.318126
91801000|0.0053|1|2024-04-28 00:37:21.318126
91810000|0.0006|1|2024-04-28 00:37:21.318126
91818000|0.0002|1|2024-04-28 00:37:21.318126
91794000|0.0338|1|2024-04-28 00:37:26.446399
91800000|0.0108|1|2024-04-28 00:37:26.446399
91801000|0.0053|1|2024-04-28 00:37:26.446399
91809000|0.1087|1|2024-04-28 00:37:26.446399
91810000|0.3146|1|2024-04-28 00:37:26.446399
91794000|0.0338|1|2024-04-28 00:37:31.561701
91799000|0.1087|1|2024-04-28 00:37:31.561701
91800000|0.0108|1|2024-04-28 00:37:31.561701
91801000|0.0053|1|2024-04-28 00:37:31.561701
91810000|0.3146|1|2024-04-28 00:37:31.561701
91793000|0.002|1|2024-04-28 00:37:36.749190
91794000|0.0268|1|2024-04-28 00:37:36.749190
91800000|0.0108|1|2024-04-28 00:37:36.749190
91801000|0.0053|1|2024-04-28 00:37:36.749190
91810000|0.3146|1|2024-04-28 00:37:36.749190
91792000|0.1089|1|2024-04-28 00:37:41.858349
91794000|0.0268|1|2024-04-28 00:37:41.858349
91800000|0.0108|1|2024-04-28 00:37:41.858349
91801000|0.0053|1|2024-04-28 00:37:41.858349
91810000|0.0904|1|2024-04-28 00:37:41.858349
91791000|0.0002|1|2024-04-28 00:37:46.960873
91793000|0.314|1|2024-04-28 00:37:46.960873
91794000|0.0268|1|2024-04-28 00:37:46.960873
91800000|0.0108|1|2024-04-28 00:37:46.960873
91801000|0.0053|1|2024-04-28 00:37:46.960873
91788000|0.002|1|2024-04-28 00:37:52.097945
91789000|0.0002|1|2024-04-28 00:37:52.097945
91790000|0.0869|1|2024-04-28 00:37:52.097945
91793000|0.314|1|2024-04-28 00:37:52.097945
91794000|0.0268|1|2024-04-28 00:37:52.097945
91786000|0.0022|1|2024-04-28 00:37:57.207221
91787000|0.1087|1|2024-04-28 00:37:57.207221
91790000|0.0869|1|2024-04-28 00:37:57.207221
91793000|0.314|1|2024-04-28 00:37:57.207221
91794000|0.0268|1|2024-04-28 00:37:57.207221
91785000|0.0022|1|2024-04-28 00:38:02.319582
91787000|0.1087|1|2024-04-28 00:38:02.319582
91790000|0.0869|1|2024-04-28 00:38:02.319582
91793000|0.314|1|2024-04-28 00:38:02.319582
91794000|0.0268|1|2024-04-28 00:38:02.319582
91784000|0.0002|1|2024-04-28 00:38:07.477977
91787000|0.1087|1|2024-04-28 00:38:07.477977
91790000|0.0869|1|2024-04-28 00:38:07.477977
91793000|0.314|1|2024-04-28 00:38:07.477977
91794000|0.0268|1|2024-04-28 00:38:07.477977
91790000|0.0869|1|2024-04-28 00:38:12.591302
91793000|0.314|1|2024-04-28 00:38:12.591302
91794000|0.0268|1|2024-04-28 00:38:12.591302
91800000|0.1195|1|2024-04-28 00:38:12.591302
91801000|0.0053|1|2024-04-28 00:38:12.591302
91789000|0.1087|1|2024-04-28 00:38:17.706937
91790000|0.0869|1|2024-04-28 00:38:17.706937
91793000|0.314|1|2024-04-28 00:38:17.706937
91794000|0.0268|1|2024-04-28 00:38:17.706937
