price|quantity|type|timestamp
4549000|3.56|1|2024-04-27 17:02:10.355788
4550000|0.5496|1|2024-04-27 17:02:10.355788
4551000|22.56|1|2024-04-27 17:02:10.355788
4552000|4.9946|1|2024-04-27 17:02:10.355788
4553000|4.001|1|2024-04-27 17:02:10.355788
4549000|3.56|1|2024-04-27 17:02:15.513618
4550000|0.5496|1|2024-04-27 17:02:15.513618
4551000|22.56|1|2024-04-27 17:02:15.513618
4552000|4.9946|1|2024-04-27 17:02:15.513618
4553000|4.001|1|2024-04-27 17:02:15.513618
4549000|3.56|1|2024-04-27 17:02:20.619754
4550000|0.5496|1|2024-04-27 17:02:20.619754
4551000|22.56|1|2024-04-27 17:02:20.619754
4552000|4.9946|1|2024-04-27 17:02:20.619754
4553000|4.001|1|2024-04-27 17:02:20.619754
4549000|3.4994|1|2024-04-27 17:02:25.745860
4550000|0.5496|1|2024-04-27 17:02:25.745860
4551000|22.56|1|2024-04-27 17:02:25.745860
4552000|4.9946|1|2024-04-27 17:02:25.745860
4553000|4.001|1|2024-04-27 17:02:25.745860
4550000|3.56|1|2024-04-27 17:02:30.875943
4551000|15.0|1|2024-04-27 17:02:30.875943
4552000|7.561|1|2024-04-27 17:02:30.875943
4553000|4.001|1|2024-04-27 17:02:30.875943
4554000|11.0518|1|2024-04-27 17:02:30.875943
4550000|3.56|1|2024-04-27 17:02:35.984723
4551000|15.0|1|2024-04-27 17:02:35.984723
4552000|7.561|1|2024-04-27 17:02:35.984723
4553000|4.001|1|2024-04-27 17:02:35.984723
4554000|11.0518|1|2024-04-27 17:02:35.984723
4552000|0.5439|1|2024-04-27 17:02:41.093800
4553000|22.561|1|2024-04-27 17:02:41.093800
4554000|4.0031|1|2024-04-27 17:02:41.093800
4555000|4.4398|1|2024-04-27 17:02:41.093800
4556000|5.8365|1|2024-04-27 17:02:41.093800
4552000|0.001|1|2024-04-27 17:02:46.207351
4553000|0.5373|1|2024-04-27 17:02:46.207351
4554000|18.0031|1|2024-04-27 17:02:46.207351
4555000|7.561|1|2024-04-27 17:02:46.207351
4556000|4.009|1|2024-04-27 17:02:46.207351
4552000|0.001|1|2024-04-27 17:02:51.315571
4553000|3.561|1|2024-04-27 17:02:51.315571
4554000|18.0031|1|2024-04-27 17:02:51.315571
4555000|7.561|1|2024-04-27 17:02:51.315571
4556000|4.009|1|2024-04-27 17:02:51.315571
4552000|0.001|1|2024-04-27 17:02:56.423620
4553000|3.561|1|2024-04-27 17:02:56.423620
4554000|18.0031|1|2024-04-27 17:02:56.423620
4555000|7.561|1|2024-04-27 17:02:56.423620
4556000|4.009|1|2024-04-27 17:02:56.423620
4552000|0.001|1|2024-04-27 17:03:01.533721
4553000|3.561|1|2024-04-27 17:03:01.533721
4554000|15.0031|1|2024-04-27 17:03:01.533721
4555000|7.561|1|2024-04-27 17:03:01.533721
4556000|4.009|1|2024-04-27 17:03:01.533721
4552000|0.001|1|2024-04-27 17:03:06.641050
4553000|0.001|1|2024-04-27 17:03:06.641050
4554000|0.0031|1|2024-04-27 17:03:06.641050
4555000|20.2817|1|2024-04-27 17:03:06.641050
4556000|4.009|1|2024-04-27 17:03:06.641050
4552000|0.001|1|2024-04-27 17:03:11.755423
4553000|0.001|1|2024-04-27 17:03:11.755423
4554000|1.7238|1|2024-04-27 17:03:11.755423
4555000|18.561|1|2024-04-27 17:03:11.755423
4556000|4.009|1|2024-04-27 17:03:11.755423
4552000|0.001|1|2024-04-27 17:03:16.871107
4553000|0.001|1|2024-04-27 17:03:16.871107
4554000|0.0031|1|2024-04-27 17:03:16.871107
4555000|15.001|1|2024-04-27 17:03:16.871107
4556000|4.009|1|2024-04-27 17:03:16.871107
4553000|0.001|1|2024-04-27 17:03:21.980650
4554000|0.0031|1|2024-04-27 17:03:21.980650
4555000|15.001|1|2024-04-27 17:03:21.980650
4556000|3.009|1|2024-04-27 17:03:21.980650
4557000|4.2453|1|2024-04-27 17:03:21.980650
4553000|0.001|1|2024-04-27 17:03:27.094501
4554000|0.0031|1|2024-04-27 17:03:27.094501
4555000|0.001|1|2024-04-27 17:03:27.094501
4556000|15.009|1|2024-04-27 17:03:27.094501
4557000|7.8053|1|2024-04-27 17:03:27.094501
4554000|0.0031|1|2024-04-27 17:03:32.218296
4555000|0.001|1|2024-04-27 17:03:32.218296
4556000|0.009|1|2024-04-27 17:03:32.218296
4557000|15.2453|1|2024-04-27 17:03:32.218296
4558000|8.3028|1|2024-04-27 17:03:32.218296
4554000|0.0031|1|2024-04-27 17:03:37.330095
4555000|0.001|1|2024-04-27 17:03:37.330095
4556000|0.009|1|2024-04-27 17:03:37.330095
4557000|18.8053|1|2024-04-27 17:03:37.330095
4558000|4.7428|1|2024-04-27 17:03:37.330095
4555000|0.001|1|2024-04-27 17:03:42.451325
4556000|0.009|1|2024-04-27 17:03:42.451325
4557000|18.8053|1|2024-04-27 17:03:42.451325
4558000|4.7428|1|2024-04-27 17:03:42.451325
4559000|8.2236|1|2024-04-27 17:03:42.451325
4555000|0.001|1|2024-04-27 17:03:47.576881
4556000|0.009|1|2024-04-27 17:03:47.576881
4557000|18.8053|1|2024-04-27 17:03:47.576881
4558000|4.7428|1|2024-04-27 17:03:47.576881
4559000|8.2236|1|2024-04-27 17:03:47.576881
4555000|0.001|1|2024-04-27 17:03:52.685745
4556000|0.009|1|2024-04-27 17:03:52.685745
4557000|18.8053|1|2024-04-27 17:03:52.685745
4558000|4.7428|1|2024-04-27 17:03:52.685745
4559000|8.2236|1|2024-04-27 17:03:52.685745
4555000|0.001|1|2024-04-27 17:03:57.793929
4556000|0.009|1|2024-04-27 17:03:57.793929
4557000|18.8053|1|2024-04-27 17:03:57.793929
4558000|4.7428|1|2024-04-27 17:03:57.793929
4559000|8.2236|1|2024-04-27 17:03:57.793929
4555000|0.001|1|2024-04-27 17:04:02.901444
4556000|0.009|1|2024-04-27 17:04:02.901444
4557000|18.8053|1|2024-04-27 17:04:02.901444
4558000|4.7428|1|2024-04-27 17:04:02.901444
4559000|8.2236|1|2024-04-27 17:04:02.901444
4555000|0.001|1|2024-04-27 17:04:08.013721
4556000|0.009|1|2024-04-27 17:04:08.013721
4557000|15.2453|1|2024-04-27 17:04:08.013721
4558000|8.3028|1|2024-04-27 17:04:08.013721
4559000|8.2236|1|2024-04-27 17:04:08.013721
4556000|0.009|1|2024-04-27 17:04:13.119359
4557000|15.2453|1|2024-04-27 17:04:13.119359
4558000|4.7428|1|2024-04-27 17:04:13.119359
4559000|4.6636|1|2024-04-27 17:04:13.119359
4560000|9.4539|1|2024-04-27 17:04:13.119359
4556000|0.011|1|2024-04-27 17:04:18.253343
4557000|15.2473|1|2024-04-27 17:04:18.253343
4558000|4.7428|1|2024-04-27 17:04:18.253343
4559000|8.2236|1|2024-04-27 17:04:18.253343
4560000|5.8939|1|2024-04-27 17:04:18.253343
4556000|0.011|1|2024-04-27 17:04:23.366564
4557000|18.8073|1|2024-04-27 17:04:23.366564
4558000|4.7448|1|2024-04-27 17:04:23.366564
4559000|8.2236|1|2024-04-27 17:04:23.366564
4560000|5.8959|1|2024-04-27 17:04:23.366564
4556000|0.0097|1|2024-04-27 17:04:28.474117
4557000|18.8073|1|2024-04-27 17:04:28.474117
4558000|4.7448|1|2024-04-27 17:04:28.474117
4559000|8.2236|1|2024-04-27 17:04:28.474117
4560000|5.895|1|2024-04-27 17:04:28.474117
4555000|0.0|1|2024-04-27 17:04:33.607843
4556000|0.0097|1|2024-04-27 17:04:33.607843
4557000|18.8073|1|2024-04-27 17:04:33.607843
4558000|4.7448|1|2024-04-27 17:04:33.607843
4559000|8.2236|1|2024-04-27 17:04:33.607843
4555000|0.0|1|2024-04-27 17:04:38.722045
4556000|0.0097|1|2024-04-27 17:04:38.722045
4557000|18.8073|1|2024-04-27 17:04:38.722045
4558000|4.7448|1|2024-04-27 17:04:38.722045
4559000|8.2236|1|2024-04-27 17:04:38.722045
4555000|0.0|1|2024-04-27 17:04:43.824266
4556000|0.0097|1|2024-04-27 17:04:43.824266
4557000|0.2473|1|2024-04-27 17:04:43.824266
4558000|23.3048|1|2024-04-27 17:04:43.824266
4559000|8.2236|1|2024-04-27 17:04:43.824266
4555000|0.0|1|2024-04-27 17:04:48.936544
4556000|0.0097|1|2024-04-27 17:04:48.936544
4557000|0.2473|1|2024-04-27 17:04:48.936544
4558000|19.7448|1|2024-04-27 17:04:48.936544
4559000|4.6636|1|2024-04-27 17:04:48.936544
4555000|0.0|1|2024-04-27 17:04:54.059232
4556000|0.0097|1|2024-04-27 17:04:54.059232
4557000|1.968|1|2024-04-27 17:04:54.059232
4558000|23.3048|1|2024-04-27 17:04:54.059232
4559000|4.6636|1|2024-04-27 17:04:54.059232
4555000|0.0|1|2024-04-27 17:04:59.167950
4556000|0.0097|1|2024-04-27 17:04:59.167950
4557000|1.968|1|2024-04-27 17:04:59.167950
4558000|23.3048|1|2024-04-27 17:04:59.167950
4559000|4.6636|1|2024-04-27 17:04:59.167950
4555000|0.0|1|2024-04-27 17:05:04.290186
4556000|0.0097|1|2024-04-27 17:05:04.290186
4557000|1.968|1|2024-04-27 17:05:04.290186
4558000|23.3048|1|2024-04-27 17:05:04.290186
4559000|4.6636|1|2024-04-27 17:05:04.290186
4555000|0.0|1|2024-04-27 17:05:09.400773
4556000|0.0097|1|2024-04-27 17:05:09.400773
4557000|1.968|1|2024-04-27 17:05:09.400773
4558000|23.3048|1|2024-04-27 17:05:09.400773
4559000|4.6636|1|2024-04-27 17:05:09.400773
4555000|0.002|1|2024-04-27 17:05:14.516232
4556000|0.0097|1|2024-04-27 17:05:14.516232
4557000|1.968|1|2024-04-27 17:05:14.516232
4558000|23.3048|1|2024-04-27 17:05:14.516232
4559000|4.6636|1|2024-04-27 17:05:14.516232
4555000|0.002|1|2024-04-27 17:05:19.626135
4556000|0.0097|1|2024-04-27 17:05:19.626135
4557000|5.528|1|2024-04-27 17:05:19.626135
4558000|19.7448|1|2024-04-27 17:05:19.626135
4559000|4.6636|1|2024-04-27 17:05:19.626135
4555000|0.002|1|2024-04-27 17:05:24.734862
4556000|0.0097|1|2024-04-27 17:05:24.734862
4557000|5.528|1|2024-04-27 17:05:24.734862
4558000|19.7448|1|2024-04-27 17:05:24.734862
4559000|4.6636|1|2024-04-27 17:05:24.734862
4556000|0.0097|1|2024-04-27 17:05:29.848817
4557000|5.528|1|2024-04-27 17:05:29.848817
4558000|19.7448|1|2024-04-27 17:05:29.848817
4559000|4.6636|1|2024-04-27 17:05:29.848817
4560000|9.457|1|2024-04-27 17:05:29.848817
4556000|0.0097|1|2024-04-27 17:05:34.966106
4557000|1.968|1|2024-04-27 17:05:34.966106
4558000|19.7448|1|2024-04-27 17:05:34.966106
4559000|4.6636|1|2024-04-27 17:05:34.966106
4560000|9.455|1|2024-04-27 17:05:34.966106
4556000|0.0097|1|2024-04-27 17:05:40.077294
4557000|1.968|1|2024-04-27 17:05:40.077294
4558000|23.3048|1|2024-04-27 17:05:40.077294
4559000|4.6636|1|2024-04-27 17:05:40.077294
4560000|9.455|1|2024-04-27 17:05:40.077294
4556000|0.0097|1|2024-04-27 17:05:45.192142
4557000|1.968|1|2024-04-27 17:05:45.192142
4558000|23.3048|1|2024-04-27 17:05:45.192142
4559000|4.6636|1|2024-04-27 17:05:45.192142
4560000|9.455|1|2024-04-27 17:05:45.192142
4556000|0.0097|1|2024-04-27 17:05:50.294563
4557000|1.968|1|2024-04-27 17:05:50.294563
4558000|23.3048|1|2024-04-27 17:05:50.294563
4559000|4.6636|1|2024-04-27 17:05:50.294563
4560000|9.455|1|2024-04-27 17:05:50.294563
4556000|0.0097|1|2024-04-27 17:05:55.405531
4557000|1.968|1|2024-04-27 17:05:55.405531
4558000|23.3048|1|2024-04-27 17:05:55.405531
4559000|4.6636|1|2024-04-27 17:05:55.405531
4560000|9.455|1|2024-04-27 17:05:55.405531
4556000|0.0097|1|2024-04-27 17:06:00.541754
4557000|1.968|1|2024-04-27 17:06:00.541754
4558000|23.3048|1|2024-04-27 17:06:00.541754
4559000|4.6636|1|2024-04-27 17:06:00.541754
4560000|9.455|1|2024-04-27 17:06:00.541754
4556000|0.0097|1|2024-04-27 17:06:05.654923
4557000|0.2473|1|2024-04-27 17:06:05.654923
4558000|19.7448|1|2024-04-27 17:06:05.654923
4559000|8.2236|1|2024-04-27 17:06:05.654923
4560000|9.455|1|2024-04-27 17:06:05.654923
4556000|0.0097|1|2024-04-27 17:06:10.759320
4557000|0.2473|1|2024-04-27 17:06:10.759320
4558000|2.4615|1|2024-04-27 17:06:10.759320
4559000|19.6636|1|2024-04-27 17:06:10.759320
4560000|5.895|1|2024-04-27 17:06:10.759320
4556000|0.0|1|2024-04-27 17:06:15.872226
4557000|0.2473|1|2024-04-27 17:06:15.872226
4558000|0.7448|1|2024-04-27 17:06:15.872226
4559000|2.3803|1|2024-04-27 17:06:15.872226
4560000|24.455|1|2024-04-27 17:06:15.872226
4556000|0.0|1|2024-04-27 17:06:20.981781
4557000|0.2493|1|2024-04-27 17:06:20.981781
4558000|0.7448|1|2024-04-27 17:06:20.981781
4559000|2.3803|1|2024-04-27 17:06:20.981781
4560000|24.455|1|2024-04-27 17:06:20.981781
4556000|0.0|1|2024-04-27 17:06:26.095718
4557000|0.2493|1|2024-04-27 17:06:26.095718
4558000|6.0215|1|2024-04-27 17:06:26.095718
4559000|4.6636|1|2024-04-27 17:06:26.095718
4560000|20.895|1|2024-04-27 17:06:26.095718
4556000|0.0|1|2024-04-27 17:06:31.208190
4557000|0.2493|1|2024-04-27 17:06:31.208190
4558000|6.0215|1|2024-04-27 17:06:31.208190
4559000|4.6636|1|2024-04-27 17:06:31.208190
4560000|20.895|1|2024-04-27 17:06:31.208190
4556000|0.0|1|2024-04-27 17:06:36.350179
4557000|0.2493|1|2024-04-27 17:06:36.350179
4558000|6.0215|1|2024-04-27 17:06:36.350179
4559000|4.6636|1|2024-04-27 17:06:36.350179
4560000|20.895|1|2024-04-27 17:06:36.350179
4556000|0.0|1|2024-04-27 17:06:41.461677
4557000|0.2493|1|2024-04-27 17:06:41.461677
4558000|6.0215|1|2024-04-27 17:06:41.461677
4559000|4.6636|1|2024-04-27 17:06:41.461677
4560000|20.895|1|2024-04-27 17:06:41.461677
4556000|0.0|1|2024-04-27 17:06:46.587791
4557000|0.2493|1|2024-04-27 17:06:46.587791
4558000|6.0215|1|2024-04-27 17:06:46.587791
4559000|4.6636|1|2024-04-27 17:06:46.587791
4560000|20.895|1|2024-04-27 17:06:46.587791
4556000|0.0|1|2024-04-27 17:06:51.698837
4557000|0.2493|1|2024-04-27 17:06:51.698837
4558000|0.7448|1|2024-04-27 17:06:51.698837
4559000|4.6636|1|2024-04-27 17:06:51.698837
4560000|20.895|1|2024-04-27 17:06:51.698837
4556000|0.0|1|2024-04-27 17:06:56.810022
4557000|0.2493|1|2024-04-27 17:06:56.810022
4558000|0.7448|1|2024-04-27 17:06:56.810022
4559000|9.864|1|2024-04-27 17:06:56.810022
4560000|20.895|1|2024-04-27 17:06:56.810022
4556000|0.0|1|2024-04-27 17:07:01.926555
4557000|0.2493|1|2024-04-27 17:07:01.926555
4558000|0.7448|1|2024-04-27 17:07:01.926555
4559000|9.864|1|2024-04-27 17:07:01.926555
4560000|20.895|1|2024-04-27 17:07:01.926555
4556000|0.0|1|2024-04-27 17:07:07.036646
4557000|0.2493|1|2024-04-27 17:07:07.036646
4558000|0.7448|1|2024-04-27 17:07:07.036646
4559000|5.304|1|2024-04-27 17:07:07.036646
4560000|24.455|1|2024-04-27 17:07:07.036646
4556000|0.0|1|2024-04-27 17:07:12.138519
4557000|0.2493|1|2024-04-27 17:07:12.138519
4558000|0.7448|1|2024-04-27 17:07:12.138519
4559000|2.304|1|2024-04-27 17:07:12.138519
4560000|24.455|1|2024-04-27 17:07:12.138519
4557000|0.2493|1|2024-04-27 17:07:17.246794
4558000|0.7448|1|2024-04-27 17:07:17.246794
4559000|0.6636|1|2024-04-27 17:07:17.246794
4560000|19.895|1|2024-04-27 17:07:17.246794
4561000|4.5115|1|2024-04-27 17:07:17.246794
4557000|0.1302|1|2024-04-27 17:07:22.361525
4558000|0.7448|1|2024-04-27 17:07:22.361525
4559000|0.6636|1|2024-04-27 17:07:22.361525
4560000|19.895|1|2024-04-27 17:07:22.361525
4561000|8.0695|1|2024-04-27 17:07:22.361525
4557000|0.0111|1|2024-04-27 17:07:27.469686
4558000|0.7448|1|2024-04-27 17:07:27.469686
4559000|0.6636|1|2024-04-27 17:07:27.469686
4560000|1.895|1|2024-04-27 17:07:27.469686
4561000|3.5095|1|2024-04-27 17:07:27.469686
4558000|0.7448|1|2024-04-27 17:07:32.645838
4559000|0.6636|1|2024-04-27 17:07:32.645838
4560000|1.895|1|2024-04-27 17:07:32.645838
4561000|17.1497|1|2024-04-27 17:07:32.645838
4562000|5.0743|1|2024-04-27 17:07:32.645838
4558000|0.7448|1|2024-04-27 17:07:37.754327
4559000|0.6636|1|2024-04-27 17:07:37.754327
4560000|1.895|1|2024-04-27 17:07:37.754327
4561000|17.1497|1|2024-04-27 17:07:37.754327
4562000|8.6323|1|2024-04-27 17:07:37.754327
4558000|0.4378|1|2024-04-27 17:07:42.863922
4559000|0.6636|1|2024-04-27 17:07:42.863922
4560000|1.895|1|2024-04-27 17:07:42.863922
4561000|17.1497|1|2024-04-27 17:07:42.863922
4562000|8.6343|1|2024-04-27 17:07:42.863922
4558000|0.4412|1|2024-04-27 17:07:48.041498
4559000|0.6636|1|2024-04-27 17:07:48.041498
4560000|1.895|1|2024-04-27 17:07:48.041498
4561000|20.7097|1|2024-04-27 17:07:48.041498
4562000|5.0743|1|2024-04-27 17:07:48.041498
4558000|0.4227|1|2024-04-27 17:07:53.158378
4559000|0.6636|1|2024-04-27 17:07:53.158378
4560000|1.895|1|2024-04-27 17:07:53.158378
4561000|20.7097|1|2024-04-27 17:07:53.158378
4562000|5.0743|1|2024-04-27 17:07:53.158378
4558000|0.2836|1|2024-04-27 17:07:58.275368
4559000|0.6636|1|2024-04-27 17:07:58.275368
4560000|1.895|1|2024-04-27 17:07:58.275368
4561000|20.7097|1|2024-04-27 17:07:58.275368
4562000|5.0743|1|2024-04-27 17:07:58.275368
4559000|0.6636|1|2024-04-27 17:08:03.398905
4560000|1.895|1|2024-04-27 17:08:03.398905
4561000|17.1497|1|2024-04-27 17:08:03.398905
4562000|8.6343|1|2024-04-27 17:08:03.398905
4563000|4.8629|1|2024-04-27 17:08:03.398905
4559000|0.6449|1|2024-04-27 17:08:08.504951
4560000|1.895|1|2024-04-27 17:08:08.504951
4561000|17.1497|1|2024-04-27 17:08:08.504951
4562000|8.6323|1|2024-04-27 17:08:08.504951
4563000|4.8629|1|2024-04-27 17:08:08.504951
4559000|0.4891|1|2024-04-27 17:08:13.610635
4560000|1.895|1|2024-04-27 17:08:13.610635
4561000|17.1497|1|2024-04-27 17:08:13.610635
4562000|8.6323|1|2024-04-27 17:08:13.610635
4563000|4.8609|1|2024-04-27 17:08:13.610635
4559000|0.4891|1|2024-04-27 17:08:18.716595
4560000|1.895|1|2024-04-27 17:08:18.716595
4561000|17.1497|1|2024-04-27 17:08:18.716595
4562000|5.0723|1|2024-04-27 17:08:18.716595
4563000|4.8629|1|2024-04-27 17:08:18.716595
4560000|1.78|1|2024-04-27 17:08:23.835140
4561000|17.1497|1|2024-04-27 17:08:23.835140
4562000|8.6323|1|2024-04-27 17:08:23.835140
4563000|4.8609|1|2024-04-27 17:08:23.835140
4564000|8.2434|1|2024-04-27 17:08:23.835140
4560000|1.78|1|2024-04-27 17:08:29.036627
4561000|2.1497|1|2024-04-27 17:08:29.036627
4562000|20.1607|1|2024-04-27 17:08:29.036627
4563000|4.8609|1|2024-04-27 17:08:29.036627
4564000|4.6854|1|2024-04-27 17:08:29.036627
4560000|1.78|1|2024-04-27 17:08:34.156682
4561000|2.1497|1|2024-04-27 17:08:34.156682
4562000|20.1607|1|2024-04-27 17:08:34.156682
4563000|4.8629|1|2024-04-27 17:08:34.156682
4564000|4.6854|1|2024-04-27 17:08:34.156682
4560000|1.7811|1|2024-04-27 17:08:39.265898
4561000|2.1497|1|2024-04-27 17:08:39.265898
4562000|20.1607|1|2024-04-27 17:08:39.265898
4563000|8.4229|1|2024-04-27 17:08:39.265898
4564000|4.6854|1|2024-04-27 17:08:39.265898
4560000|1.7811|1|2024-04-27 17:08:44.379196
4561000|0.5095|1|2024-04-27 17:08:44.379196
4562000|5.0723|1|2024-04-27 17:08:44.379196
4563000|19.8649|1|2024-04-27 17:08:44.379196
4564000|4.6854|1|2024-04-27 17:08:44.379196
4560000|1.7811|1|2024-04-27 17:08:49.481577
4561000|0.5979|1|2024-04-27 17:08:49.481577
4562000|5.7823|1|2024-04-27 17:08:49.481577
4563000|19.8629|1|2024-04-27 17:08:49.481577
4564000|8.2434|1|2024-04-27 17:08:49.481577
4560000|1.7811|1|2024-04-27 17:08:54.610472
4561000|0.5979|1|2024-04-27 17:08:54.610472
4562000|5.7823|1|2024-04-27 17:08:54.610472
4563000|19.8649|1|2024-04-27 17:08:54.610472
4564000|8.2454|1|2024-04-27 17:08:54.610472
4561000|0.5979|1|2024-04-27 17:08:59.769018
4562000|2.7823|1|2024-04-27 17:08:59.769018
4563000|19.8629|1|2024-04-27 17:08:59.769018
4564000|4.6834|1|2024-04-27 17:08:59.769018
4565000|8.7536|1|2024-04-27 17:08:59.769018
4561000|0.4467|1|2024-04-27 17:09:04.896134
4562000|2.7823|1|2024-04-27 17:09:04.896134
4563000|19.8629|1|2024-04-27 17:09:04.896134
4564000|8.2454|1|2024-04-27 17:09:04.896134
4565000|8.7556|1|2024-04-27 17:09:04.896134
4561000|0.4309|1|2024-04-27 17:09:10.008409
4562000|2.7823|1|2024-04-27 17:09:10.008409
4563000|19.8629|1|2024-04-27 17:09:10.008409
4564000|4.6834|1|2024-04-27 17:09:10.008409
4565000|5.1956|1|2024-04-27 17:09:10.008409
4560000|0.1925|1|2024-04-27 17:09:15.117167
4561000|15.4309|1|2024-04-27 17:09:15.117167
4562000|8.6323|1|2024-04-27 17:09:15.117167
4563000|4.8629|1|2024-04-27 17:09:15.117167
4564000|4.6834|1|2024-04-27 17:09:15.117167
4560000|1.9453|1|2024-04-27 17:09:20.232026
4561000|18.9909|1|2024-04-27 17:09:20.232026
4562000|5.0723|1|2024-04-27 17:09:20.232026
4563000|8.4229|1|2024-04-27 17:09:20.232026
4564000|4.6834|1|2024-04-27 17:09:20.232026
4560000|1.7528|1|2024-04-27 17:09:25.337131
4561000|18.9909|1|2024-04-27 17:09:25.337131
4562000|5.0723|1|2024-04-27 17:09:25.337131
4563000|8.4229|1|2024-04-27 17:09:25.337131
4564000|4.6834|1|2024-04-27 17:09:25.337131
4560000|1.7528|1|2024-04-27 17:09:30.447355
4561000|21.9909|1|2024-04-27 17:09:30.447355
4562000|5.0723|1|2024-04-27 17:09:30.447355
4563000|8.4229|1|2024-04-27 17:09:30.447355
4564000|4.6834|1|2024-04-27 17:09:30.447355
4559000|0.031|1|2024-04-27 17:09:35.585825
4560000|1.7147|1|2024-04-27 17:09:35.585825
4561000|21.9909|1|2024-04-27 17:09:35.585825
4562000|5.0723|1|2024-04-27 17:09:35.585825
4563000|8.4229|1|2024-04-27 17:09:35.585825
4558000|5.9409|1|2024-04-27 17:09:40.702291
4559000|1.7838|1|2024-04-27 17:09:40.702291
4560000|4.0|1|2024-04-27 17:09:40.702291
4561000|19.4309|1|2024-04-27 17:09:40.702291
4562000|8.6323|1|2024-04-27 17:09:40.702291
4558000|5.5183|1|2024-04-27 17:09:45.814931
4559000|5.3438|1|2024-04-27 17:09:45.814931
4560000|4.0|1|2024-04-27 17:09:45.814931
4561000|19.4309|1|2024-04-27 17:09:45.814931
4562000|8.6323|1|2024-04-27 17:09:45.814931
4559000|0.0199|1|2024-04-27 17:09:50.929225
4560000|9.3128|1|2024-04-27 17:09:50.929225
4561000|19.4309|1|2024-04-27 17:09:50.929225
4562000|8.6323|1|2024-04-27 17:09:50.929225
4563000|4.8629|1|2024-04-27 17:09:50.929225
4560000|9.3128|1|2024-04-27 17:09:56.042039
4561000|19.4309|1|2024-04-27 17:09:56.042039
4562000|8.6323|1|2024-04-27 17:09:56.042039
4563000|4.8629|1|2024-04-27 17:09:56.042039
4564000|13.6087|1|2024-04-27 17:09:56.042039
4559000|4.9239|1|2024-04-27 17:10:01.146207
4560000|9.3128|1|2024-04-27 17:10:01.146207
4561000|19.4309|1|2024-04-27 17:10:01.146207
4562000|8.6323|1|2024-04-27 17:10:01.146207
4563000|4.8629|1|2024-04-27 17:10:01.146207
4558000|5.9989|1|2024-04-27 17:10:06.253756
4559000|8.4839|1|2024-04-27 17:10:06.253756
4560000|4.0|1|2024-04-27 17:10:06.253756
4561000|19.4309|1|2024-04-27 17:10:06.253756
4562000|5.0723|1|2024-04-27 17:10:06.253756
4558000|7.7425|1|2024-04-27 17:10:11.373977
4559000|4.9239|1|2024-04-27 17:10:11.373977
4560000|4.0|1|2024-04-27 17:10:11.373977
4561000|22.9909|1|2024-04-27 17:10:11.373977
4562000|5.0723|1|2024-04-27 17:10:11.373977
4557000|5.0242|1|2024-04-27 17:10:16.480416
4558000|7.7445|1|2024-04-27 17:10:16.480416
4559000|19.56|1|2024-04-27 17:10:16.480416
4560000|7.56|1|2024-04-27 17:10:16.480416
4561000|4.3425|1|2024-04-27 17:10:16.480416
4557000|1.7436|1|2024-04-27 17:10:21.598353
4558000|6.0009|1|2024-04-27 17:10:21.598353
4559000|19.562|1|2024-04-27 17:10:21.598353
4560000|7.56|1|2024-04-27 17:10:21.598353
4561000|4.3425|1|2024-04-27 17:10:21.598353
4558000|0.002|1|2024-04-27 17:10:26.734964
4559000|0.002|1|2024-04-27 17:10:26.734964
4560000|4.8349|1|2024-04-27 17:10:26.734964
4561000|7.9025|1|2024-04-27 17:10:26.734964
4562000|20.0723|1|2024-04-27 17:10:26.734964
4558000|0.002|1|2024-04-27 17:10:31.844234
4559000|0.002|1|2024-04-27 17:10:31.844234
4560000|0.0903|1|2024-04-27 17:10:31.844234
4561000|2.0871|1|2024-04-27 17:10:31.844234
4562000|7.6323|1|2024-04-27 17:10:31.844234
4559000|0.002|1|2024-04-27 17:10:36.955616
4560000|0.1769|1|2024-04-27 17:10:36.955616
4561000|0.3425|1|2024-04-27 17:10:36.955616
4562000|5.8169|1|2024-04-27 17:10:36.955616
4563000|19.8629|1|2024-04-27 17:10:36.955616
4559000|0.002|1|2024-04-27 17:10:42.059250
4560000|0.1769|1|2024-04-27 17:10:42.059250
4561000|0.3425|1|2024-04-27 17:10:42.059250
4562000|5.8169|1|2024-04-27 17:10:42.059250
4563000|19.8629|1|2024-04-27 17:10:42.059250
4560000|0.0821|1|2024-04-27 17:10:47.166038
4561000|0.3425|1|2024-04-27 17:10:47.166038
4562000|5.8169|1|2024-04-27 17:10:47.166038
4563000|19.8629|1|2024-04-27 17:10:47.166038
4564000|4.6834|1|2024-04-27 17:10:47.166038
4560000|0.0679|1|2024-04-27 17:10:52.338063
4561000|0.3425|1|2024-04-27 17:10:52.338063
4562000|5.8169|1|2024-04-27 17:10:52.338063
4563000|19.8629|1|2024-04-27 17:10:52.338063
4564000|4.6834|1|2024-04-27 17:10:52.338063
4560000|0.0679|1|2024-04-27 17:10:57.446389
4561000|0.3425|1|2024-04-27 17:10:57.446389
4562000|5.8169|1|2024-04-27 17:10:57.446389
4563000|19.8629|1|2024-04-27 17:10:57.446389
4564000|4.6834|1|2024-04-27 17:10:57.446389
4560000|0.0679|1|2024-04-27 17:11:02.556166
4561000|0.3425|1|2024-04-27 17:11:02.556166
4562000|5.8169|1|2024-04-27 17:11:02.556166
4563000|19.8629|1|2024-04-27 17:11:02.556166
4564000|4.6834|1|2024-04-27 17:11:02.556166
4560000|0.057|1|2024-04-27 17:11:07.664660
4561000|0.3425|1|2024-04-27 17:11:07.664660
4562000|5.8169|1|2024-04-27 17:11:07.664660
4563000|19.8629|1|2024-04-27 17:11:07.664660
4564000|4.6834|1|2024-04-27 17:11:07.664660
4560000|0.1789|1|2024-04-27 17:11:12.779297
4561000|0.3425|1|2024-04-27 17:11:12.779297
4562000|5.8169|1|2024-04-27 17:11:12.779297
4563000|19.8629|1|2024-04-27 17:11:12.779297
4564000|4.6834|1|2024-04-27 17:11:12.779297
4560000|0.1789|1|2024-04-27 17:11:17.890447
4561000|0.3425|1|2024-04-27 17:11:17.890447
4562000|5.8169|1|2024-04-27 17:11:17.890447
4563000|19.8629|1|2024-04-27 17:11:17.890447
4564000|4.6834|1|2024-04-27 17:11:17.890447
4561000|0.3425|1|2024-04-27 17:11:23.011268
4562000|5.8169|1|2024-04-27 17:11:23.011268
4563000|19.8629|1|2024-04-27 17:11:23.011268
4564000|4.6834|1|2024-04-27 17:11:23.011268
4565000|8.7536|1|2024-04-27 17:11:23.011268
4561000|0.3425|1|2024-04-27 17:11:28.162491
4562000|4.0723|1|2024-04-27 17:11:28.162491
4563000|19.8629|1|2024-04-27 17:11:28.162491
4564000|4.6834|1|2024-04-27 17:11:28.162491
4565000|8.7536|1|2024-04-27 17:11:28.162491
4561000|0.3425|1|2024-04-27 17:11:33.269887
4562000|1.0723|1|2024-04-27 17:11:33.269887
4563000|18.8629|1|2024-04-27 17:11:33.269887
4564000|4.6834|1|2024-04-27 17:11:33.269887
4565000|5.1936|1|2024-04-27 17:11:33.269887
4561000|0.3425|1|2024-04-27 17:11:38.381485
4562000|1.0723|1|2024-04-27 17:11:38.381485
4563000|22.4229|1|2024-04-27 17:11:38.381485
4564000|4.6834|1|2024-04-27 17:11:38.381485
4565000|5.1936|1|2024-04-27 17:11:38.381485
4561000|0.3414|1|2024-04-27 17:11:43.502141
4562000|1.0723|1|2024-04-27 17:11:43.502141
4563000|22.4229|1|2024-04-27 17:11:43.502141
4564000|4.6834|1|2024-04-27 17:11:43.502141
4565000|5.1936|1|2024-04-27 17:11:43.502141
4561000|0.3414|1|2024-04-27 17:11:48.616759
4562000|1.0723|1|2024-04-27 17:11:48.616759
4563000|18.8629|1|2024-04-27 17:11:48.616759
4564000|4.6834|1|2024-04-27 17:11:48.616759
4565000|8.7536|1|2024-04-27 17:11:48.616759
4560000|1.7403|1|2024-04-27 17:11:53.753156
4561000|21.9014|1|2024-04-27 17:11:53.753156
4562000|5.0723|1|2024-04-27 17:11:53.753156
4563000|8.4229|1|2024-04-27 17:11:53.753156
4564000|4.6834|1|2024-04-27 17:11:53.753156
4561000|5.0817|1|2024-04-27 17:11:58.878246
4562000|20.0723|1|2024-04-27 17:11:58.878246
4563000|8.4229|1|2024-04-27 17:11:58.878246
4564000|4.6834|1|2024-04-27 17:11:58.878246
4565000|10.9649|1|2024-04-27 17:11:58.878246
4561000|5.0817|1|2024-04-27 17:12:04.011983
4562000|23.6323|1|2024-04-27 17:12:04.011983
4563000|4.8629|1|2024-04-27 17:12:04.011983
4564000|8.2434|1|2024-04-27 17:12:04.011983
4565000|5.6349|1|2024-04-27 17:12:04.011983
4561000|2.0817|1|2024-04-27 17:12:09.138049
4562000|22.6323|1|2024-04-27 17:12:09.138049
4563000|4.8629|1|2024-04-27 17:12:09.138049
4564000|8.2434|1|2024-04-27 17:12:09.138049
4565000|5.6349|1|2024-04-27 17:12:09.138049
4561000|2.0817|1|2024-04-27 17:12:14.252227
4562000|22.6323|1|2024-04-27 17:12:14.252227
4563000|4.8629|1|2024-04-27 17:12:14.252227
4564000|8.2434|1|2024-04-27 17:12:14.252227
4565000|5.6349|1|2024-04-27 17:12:14.252227
4561000|5.5513|1|2024-04-27 17:12:19.364848
4562000|19.0723|1|2024-04-27 17:12:19.364848
4563000|4.8629|1|2024-04-27 17:12:19.364848
4564000|8.2434|1|2024-04-27 17:12:19.364848
4565000|5.6349|1|2024-04-27 17:12:19.364848
4561000|5.5513|1|2024-04-27 17:12:24.612652
4562000|19.0723|1|2024-04-27 17:12:24.612652
4563000|4.8629|1|2024-04-27 17:12:24.612652
4564000|8.2434|1|2024-04-27 17:12:24.612652
4565000|5.6349|1|2024-04-27 17:12:24.612652
4561000|5.5632|1|2024-04-27 17:12:29.724291
4562000|19.0723|1|2024-04-27 17:12:29.724291
4563000|4.8629|1|2024-04-27 17:12:29.724291
4564000|8.2434|1|2024-04-27 17:12:29.724291
4565000|5.6349|1|2024-04-27 17:12:29.724291
4561000|5.5632|1|2024-04-27 17:12:34.854065
4562000|19.0723|1|2024-04-27 17:12:34.854065
4563000|4.8629|1|2024-04-27 17:12:34.854065
4564000|8.2434|1|2024-04-27 17:12:34.854065
4565000|6.8998|1|2024-04-27 17:12:34.854065
4561000|5.5632|1|2024-04-27 17:12:39.976770
4562000|19.0723|1|2024-04-27 17:12:39.976770
4563000|4.8629|1|2024-04-27 17:12:39.976770
4564000|8.2434|1|2024-04-27 17:12:39.976770
4565000|5.6349|1|2024-04-27 17:12:39.976770
4561000|1.8607|1|2024-04-27 17:12:45.141768
4562000|22.6323|1|2024-04-27 17:12:45.141768
4563000|4.8629|1|2024-04-27 17:12:45.141768
4564000|8.2434|1|2024-04-27 17:12:45.141768
4565000|5.6349|1|2024-04-27 17:12:45.141768
4561000|0.1204|1|2024-04-27 17:12:50.248649
4562000|1.0723|1|2024-04-27 17:12:50.248649
4563000|5.6032|1|2024-04-27 17:12:50.248649
4564000|23.2434|1|2024-04-27 17:12:50.248649
4565000|5.1936|1|2024-04-27 17:12:50.248649
4561000|0.1204|1|2024-04-27 17:12:55.357990
4562000|1.0723|1|2024-04-27 17:12:55.357990
4563000|9.1632|1|2024-04-27 17:12:55.357990
4564000|19.6834|1|2024-04-27 17:12:55.357990
4565000|8.7536|1|2024-04-27 17:12:55.357990
4561000|0.1204|1|2024-04-27 17:13:00.465303
4562000|1.0723|1|2024-04-27 17:13:00.465303
4563000|9.1632|1|2024-04-27 17:13:00.465303
4564000|19.6834|1|2024-04-27 17:13:00.465303
4565000|8.7536|1|2024-04-27 17:13:00.465303
4561000|0.1204|1|2024-04-27 17:13:05.588206
4562000|1.0723|1|2024-04-27 17:13:05.588206
4563000|9.1632|1|2024-04-27 17:13:05.588206
4564000|19.6834|1|2024-04-27 17:13:05.588206
4565000|8.7536|1|2024-04-27 17:13:05.588206
4561000|0.1227|1|2024-04-27 17:13:10.698487
4562000|1.0723|1|2024-04-27 17:13:10.698487
4563000|9.1632|1|2024-04-27 17:13:10.698487
4564000|19.6834|1|2024-04-27 17:13:10.698487
4565000|8.7536|1|2024-04-27 17:13:10.698487
4561000|0.1227|1|2024-04-27 17:13:15.811277
4562000|1.0723|1|2024-04-27 17:13:15.811277
4563000|9.1632|1|2024-04-27 17:13:15.811277
4564000|19.6834|1|2024-04-27 17:13:15.811277
4565000|8.7536|1|2024-04-27 17:13:15.811277
4561000|0.1227|1|2024-04-27 17:13:20.935134
4562000|1.0723|1|2024-04-27 17:13:20.935134
4563000|9.1632|1|2024-04-27 17:13:20.935134
4564000|19.6834|1|2024-04-27 17:13:20.935134
4565000|8.7536|1|2024-04-27 17:13:20.935134
4561000|0.1204|1|2024-04-27 17:13:26.114566
4562000|1.0723|1|2024-04-27 17:13:26.114566
4563000|6.1632|1|2024-04-27 17:13:26.114566
4564000|18.6834|1|2024-04-27 17:13:26.114566
4565000|8.7536|1|2024-04-27 17:13:26.114566
4561000|0.1148|1|2024-04-27 17:13:31.254825
4562000|1.0723|1|2024-04-27 17:13:31.254825
4563000|2.6032|1|2024-04-27 17:13:31.254825
4564000|22.2434|1|2024-04-27 17:13:31.254825
4565000|8.7536|1|2024-04-27 17:13:31.254825
4561000|0.1137|1|2024-04-27 17:13:36.359400
4562000|1.0723|1|2024-04-27 17:13:36.359400
4563000|2.6032|1|2024-04-27 17:13:36.359400
4564000|22.2434|1|2024-04-27 17:13:36.359400
4565000|8.7536|1|2024-04-27 17:13:36.359400
4561000|0.1137|1|2024-04-27 17:13:41.517810
4562000|1.0723|1|2024-04-27 17:13:41.517810
4563000|2.6032|1|2024-04-27 17:13:41.517810
4564000|22.2434|1|2024-04-27 17:13:41.517810
4565000|8.7536|1|2024-04-27 17:13:41.517810
4560000|0.05|1|2024-04-27 17:13:46.662413
4561000|0.1137|1|2024-04-27 17:13:46.662413
4562000|1.0723|1|2024-04-27 17:13:46.662413
4563000|2.6032|1|2024-04-27 17:13:46.662413
4564000|18.6834|1|2024-04-27 17:13:46.662413
4560000|0.05|1|2024-04-27 17:13:51.779037
4561000|0.1137|1|2024-04-27 17:13:51.779037
4562000|1.0723|1|2024-04-27 17:13:51.779037
4563000|2.6032|1|2024-04-27 17:13:51.779037
4564000|18.6834|1|2024-04-27 17:13:51.779037
4560000|0.05|1|2024-04-27 17:13:56.887507
4561000|0.1137|1|2024-04-27 17:13:56.887507
4562000|1.0723|1|2024-04-27 17:13:56.887507
4563000|2.6032|1|2024-04-27 17:13:56.887507
4564000|18.6834|1|2024-04-27 17:13:56.887507
4560000|0.05|1|2024-04-27 17:14:02.016124
4561000|0.1137|1|2024-04-27 17:14:02.016124
4562000|1.0723|1|2024-04-27 17:14:02.016124
4563000|2.6032|1|2024-04-27 17:14:02.016124
4564000|18.6834|1|2024-04-27 17:14:02.016124
4561000|0.1137|1|2024-04-27 17:14:07.128616
4562000|1.0723|1|2024-04-27 17:14:07.128616
4563000|2.6032|1|2024-04-27 17:14:07.128616
4564000|18.6834|1|2024-04-27 17:14:07.128616
4565000|8.7536|1|2024-04-27 17:14:07.128616
4561000|0.1137|1|2024-04-27 17:14:12.242604
4562000|1.0723|1|2024-04-27 17:14:12.242604
4563000|0.8629|1|2024-04-27 17:14:12.242604
4564000|18.6834|1|2024-04-27 17:14:12.242604
4565000|8.7536|1|2024-04-27 17:14:12.242604
4561000|0.059|1|2024-04-27 17:14:17.355218
4562000|1.0723|1|2024-04-27 17:14:17.355218
4563000|0.8629|1|2024-04-27 17:14:17.355218
4564000|18.6834|1|2024-04-27 17:14:17.355218
4565000|8.7536|1|2024-04-27 17:14:17.355218
4561000|0.059|1|2024-04-27 17:14:22.531271
4562000|1.0723|1|2024-04-27 17:14:22.531271
4563000|1.3629|1|2024-04-27 17:14:22.531271
4564000|22.2434|1|2024-04-27 17:14:22.531271
4565000|5.1936|1|2024-04-27 17:14:22.531271
4562000|1.0723|1|2024-04-27 17:14:27.641233
4563000|1.3629|1|2024-04-27 17:14:27.641233
4564000|22.2434|1|2024-04-27 17:14:27.641233
4565000|5.1936|1|2024-04-27 17:14:27.641233
4566000|4.4521|1|2024-04-27 17:14:27.641233
4562000|1.0723|1|2024-04-27 17:14:32.770988
4563000|1.3629|1|2024-04-27 17:14:32.770988
4564000|22.2434|1|2024-04-27 17:14:32.770988
4565000|5.1936|1|2024-04-27 17:14:32.770988
4566000|4.4521|1|2024-04-27 17:14:32.770988
4562000|1.0723|1|2024-04-27 17:14:37.882922
4563000|1.3629|1|2024-04-27 17:14:37.882922
4564000|22.2434|1|2024-04-27 17:14:37.882922
4565000|5.1936|1|2024-04-27 17:14:37.882922
4566000|4.4521|1|2024-04-27 17:14:37.882922
4562000|1.0723|1|2024-04-27 17:14:42.989220
4563000|1.3629|1|2024-04-27 17:14:42.989220
4564000|22.2434|1|2024-04-27 17:14:42.989220
4565000|5.1936|1|2024-04-27 17:14:42.989220
4566000|4.4521|1|2024-04-27 17:14:42.989220
4562000|1.298|1|2024-04-27 17:14:48.128462
4563000|1.3629|1|2024-04-27 17:14:48.128462
4564000|22.2434|1|2024-04-27 17:14:48.128462
4565000|5.1936|1|2024-04-27 17:14:48.128462
4566000|4.4521|1|2024-04-27 17:14:48.128462
4562000|1.2999|1|2024-04-27 17:14:53.247533
4563000|1.3629|1|2024-04-27 17:14:53.247533
4564000|22.2434|1|2024-04-27 17:14:53.247533
4565000|5.1936|1|2024-04-27 17:14:53.247533
4566000|4.4521|1|2024-04-27 17:14:53.247533
4562000|1.301|1|2024-04-27 17:14:58.362381
4563000|1.3629|1|2024-04-27 17:14:58.362381
4564000|22.2434|1|2024-04-27 17:14:58.362381
4565000|5.1936|1|2024-04-27 17:14:58.362381
4566000|4.4521|1|2024-04-27 17:14:58.362381
4562000|1.2621|1|2024-04-27 17:15:03.468236
4563000|1.364|1|2024-04-27 17:15:03.468236
4564000|22.2434|1|2024-04-27 17:15:03.468236
4565000|5.1936|1|2024-04-27 17:15:03.468236
4566000|4.4521|1|2024-04-27 17:15:03.468236
4562000|1.2621|1|2024-04-27 17:15:08.579540
4563000|1.364|1|2024-04-27 17:15:08.579540
4564000|22.2434|1|2024-04-27 17:15:08.579540
4565000|4.1947|1|2024-04-27 17:15:08.579540
4566000|4.4521|1|2024-04-27 17:15:08.579540
4562000|0.022|1|2024-04-27 17:15:13.733694
4563000|1.364|1|2024-04-27 17:15:13.733694
4564000|0.6834|1|2024-04-27 17:15:13.733694
4565000|2.3743|1|2024-04-27 17:15:13.733694
4566000|15.4521|1|2024-04-27 17:15:13.733694
4562000|0.022|1|2024-04-27 17:15:18.896133
4563000|1.364|1|2024-04-27 17:15:18.896133
4564000|0.6834|1|2024-04-27 17:15:18.896133
4565000|5.9343|1|2024-04-27 17:15:18.896133
4566000|18.4521|1|2024-04-27 17:15:18.896133
4562000|0.022|1|2024-04-27 17:15:24.005528
4563000|2.5465|1|2024-04-27 17:15:24.005528
4564000|19.2434|1|2024-04-27 17:15:24.005528
4565000|4.1947|1|2024-04-27 17:15:24.005528
4566000|8.0121|1|2024-04-27 17:15:24.005528
4563000|1.2857|1|2024-04-27 17:15:29.113263
4564000|18.6834|1|2024-04-27 17:15:29.113263
4565000|8.7547|1|2024-04-27 17:15:29.113263
4566000|8.0121|1|2024-04-27 17:15:29.113263
4567000|7.2722|1|2024-04-27 17:15:29.113263
4563000|22.8278|1|2024-04-27 17:15:34.221486
4564000|4.6834|1|2024-04-27 17:15:34.221486
4565000|9.1831|1|2024-04-27 17:15:34.221486
4566000|5.7169|1|2024-04-27 17:15:34.221486
4567000|6.0077|1|2024-04-27 17:15:34.221486
4562000|4.4921|1|2024-04-27 17:15:39.325925
4563000|18.0853|1|2024-04-27 17:15:39.325925
4564000|8.2434|1|2024-04-27 17:15:39.325925
4565000|5.6231|1|2024-04-27 17:15:39.325925
4566000|11.0469|1|2024-04-27 17:15:39.325925
4563000|21.56|1|2024-04-27 17:15:44.445631
4564000|4.6834|1|2024-04-27 17:15:44.445631
4565000|8.7547|1|2024-04-27 17:15:44.445631
4566000|4.4521|1|2024-04-27 17:15:44.445631
4567000|107.9831|1|2024-04-27 17:15:44.445631
4563000|21.4051|1|2024-04-27 17:15:49.574656
4564000|4.6834|1|2024-04-27 17:15:49.574656
4565000|8.7547|1|2024-04-27 17:15:49.574656
4566000|4.4521|1|2024-04-27 17:15:49.574656
4567000|107.9831|1|2024-04-27 17:15:49.574656
4562000|3.4949|1|2024-04-27 17:15:54.684762
4563000|17.8451|1|2024-04-27 17:15:54.684762
4564000|4.6834|1|2024-04-27 17:15:54.684762
4565000|8.7547|1|2024-04-27 17:15:54.684762
4566000|5.7168|1|2024-04-27 17:15:54.684762
4562000|21.9875|1|2024-04-27 17:15:59.796650
4563000|7.4051|1|2024-04-27 17:15:59.796650
4564000|4.6834|1|2024-04-27 17:15:59.796650
4565000|5.1947|1|2024-04-27 17:15:59.796650
4566000|10.2094|1|2024-04-27 17:15:59.796650
4562000|18.6928|1|2024-04-27 17:16:04.911111
4563000|7.4051|1|2024-04-27 17:16:04.911111
4564000|4.6834|1|2024-04-27 17:16:04.911111
4565000|5.1947|1|2024-04-27 17:16:04.911111
4566000|11.4742|1|2024-04-27 17:16:04.911111
4562000|3.56|1|2024-04-27 17:16:10.025685
4563000|17.8451|1|2024-04-27 17:16:10.025685
4564000|4.6834|1|2024-04-27 17:16:10.025685
4565000|8.7547|1|2024-04-27 17:16:10.025685
4566000|6.144|1|2024-04-27 17:16:10.025685
4561000|3.56|1|2024-04-27 17:16:15.132243
4563000|17.8471|1|2024-04-27 17:16:15.132243
4564000|8.2434|1|2024-04-27 17:16:15.132243
4565000|6.4595|1|2024-04-27 17:16:15.132243
4566000|10.2094|1|2024-04-27 17:16:15.132243
4561000|3.56|1|2024-04-27 17:16:20.254047
4563000|17.8471|1|2024-04-27 17:16:20.254047
4564000|8.2434|1|2024-04-27 17:16:20.254047
4565000|6.4595|1|2024-04-27 17:16:20.254047
4566000|10.2094|1|2024-04-27 17:16:20.254047
4561000|3.3808|1|2024-04-27 17:16:25.386472
4563000|17.8471|1|2024-04-27 17:16:25.386472
4564000|8.2434|1|2024-04-27 17:16:25.386472
4565000|6.4595|1|2024-04-27 17:16:25.386472
4566000|10.2094|1|2024-04-27 17:16:25.386472
4561000|3.1525|1|2024-04-27 17:16:30.501227
4562000|0.6838|1|2024-04-27 17:16:30.501227
4563000|17.8471|1|2024-04-27 17:16:30.501227
4564000|8.2434|1|2024-04-27 17:16:30.501227
4565000|5.1947|1|2024-04-27 17:16:30.501227
4561000|3.1525|1|2024-04-27 17:16:35.625756
4562000|0.6838|1|2024-04-27 17:16:35.625756
4563000|17.8471|1|2024-04-27 17:16:35.625756
4564000|8.2434|1|2024-04-27 17:16:35.625756
4565000|5.1947|1|2024-04-27 17:16:35.625756
4561000|0.001|1|2024-04-27 17:16:40.757967
4563000|17.8471|1|2024-04-27 17:16:40.757967
4564000|8.2434|1|2024-04-27 17:16:40.757967
4565000|8.7547|1|2024-04-27 17:16:40.757967
4566000|106.8551|1|2024-04-27 17:16:40.757967
4561000|0.001|1|2024-04-27 17:16:45.867925
4563000|17.8471|1|2024-04-27 17:16:45.867925
4564000|4.6834|1|2024-04-27 17:16:45.867925
4565000|8.7547|1|2024-04-27 17:16:45.867925
4566000|106.8551|1|2024-04-27 17:16:45.867925
4561000|0.001|1|2024-04-27 17:16:50.979576
4563000|21.4071|1|2024-04-27 17:16:50.979576
4564000|4.6834|1|2024-04-27 17:16:50.979576
4565000|8.7547|1|2024-04-27 17:16:50.979576
4566000|106.8551|1|2024-04-27 17:16:50.979576
4561000|0.001|1|2024-04-27 17:16:56.102380
4563000|21.4071|1|2024-04-27 17:16:56.102380
4564000|4.6834|1|2024-04-27 17:16:56.102380
4565000|8.7547|1|2024-04-27 17:16:56.102380
4566000|106.8551|1|2024-04-27 17:16:56.102380
4561000|0.001|1|2024-04-27 17:17:01.212522
4562000|3.56|1|2024-04-27 17:17:01.212522
4563000|17.8495|1|2024-04-27 17:17:01.212522
4564000|4.6834|1|2024-04-27 17:17:01.212522
4565000|8.7547|1|2024-04-27 17:17:01.212522
4561000|0.001|1|2024-04-27 17:17:06.347125
4562000|3.56|1|2024-04-27 17:17:06.347125
4563000|17.8495|1|2024-04-27 17:17:06.347125
4564000|4.6834|1|2024-04-27 17:17:06.347125
4565000|8.7547|1|2024-04-27 17:17:06.347125
4561000|0.001|1|2024-04-27 17:17:11.461884
4563000|17.8495|1|2024-04-27 17:17:11.461884
4564000|4.6834|1|2024-04-27 17:17:11.461884
4565000|8.7547|1|2024-04-27 17:17:11.461884
4566000|106.8551|1|2024-04-27 17:17:11.461884
4561000|0.0035|1|2024-04-27 17:17:16.592239
4562000|0.6835|1|2024-04-27 17:17:16.592239
4563000|17.8506|1|2024-04-27 17:17:16.592239
4564000|8.2434|1|2024-04-27 17:17:16.592239
4565000|6.4597|1|2024-04-27 17:17:16.592239
4561000|18.5635|1|2024-04-27 17:17:21.723868
4562000|3.0|1|2024-04-27 17:17:21.723868
4563000|7.4106|1|2024-04-27 17:17:21.723868
4564000|5.9486|1|2024-04-27 17:17:21.723868
4565000|5.1947|1|2024-04-27 17:17:21.723868
4561000|18.561|1|2024-04-27 17:17:26.831736
4562000|3.0|1|2024-04-27 17:17:26.831736
4563000|7.4106|1|2024-04-27 17:17:26.831736
4564000|4.6834|1|2024-04-27 17:17:26.831736
4565000|6.4597|1|2024-04-27 17:17:26.831736
4560000|3.5239|1|2024-04-27 17:17:31.937576
4561000|15.001|1|2024-04-27 17:17:31.937576
4562000|6.561|1|2024-04-27 17:17:31.937576
4563000|3.8506|1|2024-04-27 17:17:31.937576
4564000|11.7193|1|2024-04-27 17:17:31.937576
4560000|3.4418|1|2024-04-27 17:17:37.061275
4561000|15.001|1|2024-04-27 17:17:37.061275
4562000|6.561|1|2024-04-27 17:17:37.061275
4563000|3.8506|1|2024-04-27 17:17:37.061275
4564000|11.7193|1|2024-04-27 17:17:37.061275
4560000|3.4418|1|2024-04-27 17:17:42.174854
4561000|15.001|1|2024-04-27 17:17:42.174854
4562000|6.561|1|2024-04-27 17:17:42.174854
4563000|3.8506|1|2024-04-27 17:17:42.174854
4564000|10.454|1|2024-04-27 17:17:42.174854
4559000|3.56|1|2024-04-27 17:17:47.294114
4560000|1.7586|1|2024-04-27 17:17:47.294114
4561000|15.001|1|2024-04-27 17:17:47.294114
4562000|6.561|1|2024-04-27 17:17:47.294114
4563000|3.8506|1|2024-04-27 17:17:47.294114
4559000|3.56|1|2024-04-27 17:17:52.402122
4560000|1.7586|1|2024-04-27 17:17:52.402122
4561000|15.001|1|2024-04-27 17:17:52.402122
4562000|6.561|1|2024-04-27 17:17:52.402122
4563000|3.8506|1|2024-04-27 17:17:52.402122
4559000|3.56|1|2024-04-27 17:17:57.511801
4560000|1.7586|1|2024-04-27 17:17:57.511801
4561000|15.001|1|2024-04-27 17:17:57.511801
4562000|6.561|1|2024-04-27 17:17:57.511801
4563000|3.8506|1|2024-04-27 17:17:57.511801
4559000|3.56|1|2024-04-27 17:18:02.631330
4560000|1.7586|1|2024-04-27 17:18:02.631330
4561000|15.001|1|2024-04-27 17:18:02.631330
4562000|6.561|1|2024-04-27 17:18:02.631330
4563000|3.8506|1|2024-04-27 17:18:02.631330
4559000|3.56|1|2024-04-27 17:18:07.749111
4560000|1.7586|1|2024-04-27 17:18:07.749111
4561000|15.001|1|2024-04-27 17:18:07.749111
4562000|6.561|1|2024-04-27 17:18:07.749111
4563000|3.8506|1|2024-04-27 17:18:07.749111
4560000|1.7586|1|2024-04-27 17:18:12.899142
4561000|18.561|1|2024-04-27 17:18:12.899142
4562000|6.561|1|2024-04-27 17:18:12.899142
4563000|5.1161|1|2024-04-27 17:18:12.899142
4564000|10.454|1|2024-04-27 17:18:12.899142
4559000|3.56|1|2024-04-27 17:18:18.007058
4560000|1.7586|1|2024-04-27 17:18:18.007058
4561000|18.561|1|2024-04-27 17:18:18.007058
4562000|3.001|1|2024-04-27 17:18:18.007058
4563000|5.1161|1|2024-04-27 17:18:18.007058
4559000|3.56|1|2024-04-27 17:18:23.138874
4560000|1.7586|1|2024-04-27 17:18:23.138874
4561000|18.561|1|2024-04-27 17:18:23.138874
4562000|3.001|1|2024-04-27 17:18:23.138874
4563000|5.1161|1|2024-04-27 17:18:23.138874
4559000|3.56|1|2024-04-27 17:18:28.261378
4560000|1.7586|1|2024-04-27 17:18:28.261378
4561000|18.561|1|2024-04-27 17:18:28.261378
4562000|3.001|1|2024-04-27 17:18:28.261378
4563000|5.1161|1|2024-04-27 17:18:28.261378
4558000|3.5386|1|2024-04-27 17:18:33.364028
4560000|1.7586|1|2024-04-27 17:18:33.364028
4561000|18.561|1|2024-04-27 17:18:33.364028
4562000|3.001|1|2024-04-27 17:18:33.364028
4563000|5.1161|1|2024-04-27 17:18:33.364028
4558000|3.5364|1|2024-04-27 17:18:38.468993
4560000|1.2041|1|2024-04-27 17:18:38.468993
4561000|18.561|1|2024-04-27 17:18:38.468993
4562000|3.001|1|2024-04-27 17:18:38.468993
4563000|5.1161|1|2024-04-27 17:18:38.468993
4558000|3.5364|1|2024-04-27 17:18:43.609426
4560000|1.2041|1|2024-04-27 17:18:43.609426
4561000|18.561|1|2024-04-27 17:18:43.609426
4562000|3.001|1|2024-04-27 17:18:43.609426
4563000|5.1161|1|2024-04-27 17:18:43.609426
4560000|1.2041|1|2024-04-27 17:18:48.720292
4561000|15.001|1|2024-04-27 17:18:48.720292
4562000|3.001|1|2024-04-27 17:18:48.720292
4563000|5.1161|1|2024-04-27 17:18:48.720292
4564000|105.8349|1|2024-04-27 17:18:48.720292
4560000|1.2041|1|2024-04-27 17:18:53.835994
4561000|15.0139|1|2024-04-27 17:18:53.835994
4562000|3.001|1|2024-04-27 17:18:53.835994
4563000|5.1161|1|2024-04-27 17:18:53.835994
4564000|105.8349|1|2024-04-27 17:18:53.835994
4560000|1.2041|1|2024-04-27 17:18:58.975421
4561000|18.0139|1|2024-04-27 17:18:58.975421
4562000|3.001|1|2024-04-27 17:18:58.975421
4563000|3.8506|1|2024-04-27 17:18:58.975421
4564000|105.8349|1|2024-04-27 17:18:58.975421
4560000|1.2041|1|2024-04-27 17:19:04.089156
4561000|18.0139|1|2024-04-27 17:19:04.089156
4562000|3.001|1|2024-04-27 17:19:04.089156
4563000|3.8506|1|2024-04-27 17:19:04.089156
4564000|105.8349|1|2024-04-27 17:19:04.089156
4560000|1.2041|1|2024-04-27 17:19:09.201200
4561000|18.0139|1|2024-04-27 17:19:09.201200
4562000|5.2668|1|2024-04-27 17:19:09.201200
4563000|3.8506|1|2024-04-27 17:19:09.201200
4564000|105.8349|1|2024-04-27 17:19:09.201200
4560000|1.2041|1|2024-04-27 17:19:14.309462
4561000|18.0139|1|2024-04-27 17:19:14.309462
4562000|5.2668|1|2024-04-27 17:19:14.309462
4563000|3.8506|1|2024-04-27 17:19:14.309462
4564000|105.8349|1|2024-04-27 17:19:14.309462
4560000|1.0932|1|2024-04-27 17:19:19.429360
4561000|18.0139|1|2024-04-27 17:19:19.429360
4562000|5.2668|1|2024-04-27 17:19:19.429360
4563000|3.8506|1|2024-04-27 17:19:19.429360
4564000|105.8349|1|2024-04-27 17:19:19.429360
4559000|0.9917|1|2024-04-27 17:19:24.589292
4560000|18.0|1|2024-04-27 17:19:24.589292
4561000|5.28|1|2024-04-27 17:19:24.589292
4562000|4.001|1|2024-04-27 17:19:24.589292
4563000|104.5615|1|2024-04-27 17:19:24.589292
4559000|0.9917|1|2024-04-27 17:19:29.754271
4560000|18.0|1|2024-04-27 17:19:29.754271
4561000|4.0139|1|2024-04-27 17:19:29.754271
4562000|4.001|1|2024-04-27 17:19:29.754271
4563000|104.5615|1|2024-04-27 17:19:29.754271
4559000|0.9917|1|2024-04-27 17:19:34.897772
4560000|18.0|1|2024-04-27 17:19:34.897772
4561000|4.0139|1|2024-04-27 17:19:34.897772
4562000|5.267|1|2024-04-27 17:19:34.897772
4563000|104.5615|1|2024-04-27 17:19:34.897772
4559000|0.9917|1|2024-04-27 17:19:40.025216
4560000|18.0|1|2024-04-27 17:19:40.025216
4561000|4.0139|1|2024-04-27 17:19:40.025216
4562000|5.267|1|2024-04-27 17:19:40.025216
4563000|104.5615|1|2024-04-27 17:19:40.025216
4559000|0.9917|1|2024-04-27 17:19:45.130202
4560000|18.0|1|2024-04-27 17:19:45.130202
4561000|4.0139|1|2024-04-27 17:19:45.130202
4562000|5.267|1|2024-04-27 17:19:45.130202
4563000|104.5615|1|2024-04-27 17:19:45.130202
4559000|0.9917|1|2024-04-27 17:19:50.242161
4560000|18.0|1|2024-04-27 17:19:50.242161
4561000|4.0139|1|2024-04-27 17:19:50.242161
4562000|5.267|1|2024-04-27 17:19:50.242161
4563000|104.5615|1|2024-04-27 17:19:50.242161
4560000|0.9851|1|2024-04-27 17:19:55.349603
4561000|3.0139|1|2024-04-27 17:19:55.349603
4562000|19.001|1|2024-04-27 17:19:55.349603
4563000|5.1162|1|2024-04-27 17:19:55.349603
4564000|5.124|1|2024-04-27 17:19:55.349603
4560000|0.986|1|2024-04-27 17:20:00.453795
4561000|3.0139|1|2024-04-27 17:20:00.453795
4562000|19.001|1|2024-04-27 17:20:00.453795
4563000|3.8506|1|2024-04-27 17:20:00.453795
4564000|6.3894|1|2024-04-27 17:20:00.453795
4560000|0.9858|1|2024-04-27 17:20:05.589399
4561000|3.0139|1|2024-04-27 17:20:05.589399
4562000|19.001|1|2024-04-27 17:20:05.589399
4563000|3.8506|1|2024-04-27 17:20:05.589399
4564000|6.3892|1|2024-04-27 17:20:05.589399
4561000|0.9869|1|2024-04-27 17:20:10.784883
4562000|18.001|1|2024-04-27 17:20:10.784883
4563000|3.8506|1|2024-04-27 17:20:10.784883
4564000|4.6834|1|2024-04-27 17:20:10.784883
4565000|111.39|1|2024-04-27 17:20:10.784883
4561000|0.9869|1|2024-04-27 17:20:15.914629
4562000|18.001|1|2024-04-27 17:20:15.914629
4563000|3.8506|1|2024-04-27 17:20:15.914629
4564000|4.6834|1|2024-04-27 17:20:15.914629
4565000|13.6788|1|2024-04-27 17:20:15.914629
4561000|0.9869|1|2024-04-27 17:20:21.058262
4562000|18.001|1|2024-04-27 17:20:21.058262
4563000|3.8506|1|2024-04-27 17:20:21.058262
4564000|4.6834|1|2024-04-27 17:20:21.058262
4565000|12.4139|1|2024-04-27 17:20:21.058262
4561000|0.9869|1|2024-04-27 17:20:26.161613
4562000|18.001|1|2024-04-27 17:20:26.161613
4563000|3.8635|1|2024-04-27 17:20:26.161613
4564000|4.6834|1|2024-04-27 17:20:26.161613
4565000|12.4139|1|2024-04-27 17:20:26.161613
4561000|0.001|1|2024-04-27 17:20:31.270791
4562000|0.9857|1|2024-04-27 17:20:31.270791
4563000|17.8635|1|2024-04-27 17:20:31.270791
4564000|4.6834|1|2024-04-27 17:20:31.270791
4565000|12.4139|1|2024-04-27 17:20:31.270791
4561000|0.001|1|2024-04-27 17:20:36.375794
4562000|0.9857|1|2024-04-27 17:20:36.375794
4563000|17.8635|1|2024-04-27 17:20:36.375794
4564000|4.6834|1|2024-04-27 17:20:36.375794
4565000|12.4139|1|2024-04-27 17:20:36.375794
4561000|0.001|1|2024-04-27 17:20:41.490893
4562000|0.9857|1|2024-04-27 17:20:41.490893
4563000|17.8635|1|2024-04-27 17:20:41.490893
4564000|4.6834|1|2024-04-27 17:20:41.490893
4565000|12.4139|1|2024-04-27 17:20:41.490893
4561000|0.001|1|2024-04-27 17:20:46.596356
4562000|0.9857|1|2024-04-27 17:20:46.596356
4563000|17.8635|1|2024-04-27 17:20:46.596356
4564000|4.6834|1|2024-04-27 17:20:46.596356
4565000|12.4139|1|2024-04-27 17:20:46.596356
4561000|0.001|1|2024-04-27 17:20:51.725758
4562000|0.9857|1|2024-04-27 17:20:51.725758
4563000|17.8635|1|2024-04-27 17:20:51.725758
4564000|4.6834|1|2024-04-27 17:20:51.725758
4565000|12.4139|1|2024-04-27 17:20:51.725758
4561000|0.001|1|2024-04-27 17:20:56.838852
4562000|0.9857|1|2024-04-27 17:20:56.838852
4563000|15.0184|1|2024-04-27 17:20:56.838852
4564000|3.6834|1|2024-04-27 17:20:56.838852
4565000|12.4139|1|2024-04-27 17:20:56.838852
4561000|0.001|1|2024-04-27 17:21:01.942298
4562000|0.9857|1|2024-04-27 17:21:01.942298
4563000|15.0184|1|2024-04-27 17:21:01.942298
4564000|0.6834|1|2024-04-27 17:21:01.942298
4565000|11.4139|1|2024-04-27 17:21:01.942298
4561000|0.001|1|2024-04-27 17:21:07.081740
4562000|0.001|1|2024-04-27 17:21:07.081740
4563000|0.0055|1|2024-04-27 17:21:07.081740
4564000|1.6676|1|2024-04-27 17:21:07.081740
4565000|23.4139|1|2024-04-27 17:21:07.081740
4561000|0.0091|1|2024-04-27 17:21:12.191465
4562000|0.001|1|2024-04-27 17:21:12.191465
4563000|0.0055|1|2024-04-27 17:21:12.191465
4564000|1.6676|1|2024-04-27 17:21:12.191465
4565000|23.4139|1|2024-04-27 17:21:12.191465
4561000|0.0091|1|2024-04-27 17:21:17.313995
4562000|0.001|1|2024-04-27 17:21:17.313995
4563000|0.0055|1|2024-04-27 17:21:17.313995
4564000|0.6834|1|2024-04-27 17:21:17.313995
4565000|23.4139|1|2024-04-27 17:21:17.313995
4561000|0.0001|1|2024-04-27 17:21:22.448133
4562000|0.001|1|2024-04-27 17:21:22.448133
4563000|0.0055|1|2024-04-27 17:21:22.448133
4564000|0.6834|1|2024-04-27 17:21:22.448133
4565000|23.4139|1|2024-04-27 17:21:22.448133
4564000|0.6451|1|2024-04-27 17:21:27.574744
4565000|8.4139|1|2024-04-27 17:21:27.574744
4566000|15.465|1|2024-04-27 17:21:27.574744
4567000|4.5657|1|2024-04-27 17:21:27.574744
4568000|4.664|1|2024-04-27 17:21:27.574744
4564000|15.6238|1|2024-04-27 17:21:32.702542
4565000|8.4139|1|2024-04-27 17:21:32.702542
4566000|3.465|1|2024-04-27 17:21:32.702542
4567000|4.5657|1|2024-04-27 17:21:32.702542
4568000|8.222|1|2024-04-27 17:21:32.702542
4564000|15.6238|1|2024-04-27 17:21:37.812144
4565000|1.2247|1|2024-04-27 17:21:37.812144
4566000|3.465|1|2024-04-27 17:21:37.812144
4567000|4.5657|1|2024-04-27 17:21:37.812144
4568000|8.222|1|2024-04-27 17:21:37.812144
4564000|15.6238|1|2024-04-27 17:21:42.937134
4565000|1.2247|1|2024-04-27 17:21:42.937134
4566000|3.465|1|2024-04-27 17:21:42.937134
4567000|4.5657|1|2024-04-27 17:21:42.937134
4568000|8.222|1|2024-04-27 17:21:42.937134
4564000|15.6238|1|2024-04-27 17:21:48.045113
4565000|1.2247|1|2024-04-27 17:21:48.045113
4566000|3.465|1|2024-04-27 17:21:48.045113
4567000|4.5657|1|2024-04-27 17:21:48.045113
4568000|8.222|1|2024-04-27 17:21:48.045113
4564000|15.6182|1|2024-04-27 17:21:53.179744
4565000|1.2247|1|2024-04-27 17:21:53.179744
4566000|3.465|1|2024-04-27 17:21:53.179744
4567000|4.5657|1|2024-04-27 17:21:53.179744
4568000|8.222|1|2024-04-27 17:21:53.179744
4564000|15.6193|1|2024-04-27 17:21:58.293913
4565000|1.2247|1|2024-04-27 17:21:58.293913
4566000|3.465|1|2024-04-27 17:21:58.293913
4567000|4.5657|1|2024-04-27 17:21:58.293913
4568000|8.222|1|2024-04-27 17:21:58.293913
4564000|0.001|1|2024-04-27 17:22:03.405962
4565000|16.2258|1|2024-04-27 17:22:03.405962
4566000|3.465|1|2024-04-27 17:22:03.405962
4567000|4.5657|1|2024-04-27 17:22:03.405962
4568000|8.222|1|2024-04-27 17:22:03.405962
4564000|0.001|1|2024-04-27 17:22:08.518203
4565000|16.2258|1|2024-04-27 17:22:08.518203
4566000|3.466|1|2024-04-27 17:22:08.518203
4567000|4.5668|1|2024-04-27 17:22:08.518203
4568000|8.222|1|2024-04-27 17:22:08.518203
4564000|0.001|1|2024-04-27 17:22:13.623426
4565000|16.2258|1|2024-04-27 17:22:13.623426
4566000|3.466|1|2024-04-27 17:22:13.623426
4567000|4.5668|1|2024-04-27 17:22:13.623426
4568000|8.2231|1|2024-04-27 17:22:13.623426
4564000|0.0228|1|2024-04-27 17:22:18.744888
4565000|16.2258|1|2024-04-27 17:22:18.744888
4566000|3.466|1|2024-04-27 17:22:18.744888
4567000|4.5668|1|2024-04-27 17:22:18.744888
4568000|8.2231|1|2024-04-27 17:22:18.744888
4564000|1.0147|1|2024-04-27 17:22:23.879335
4565000|19.2258|1|2024-04-27 17:22:23.879335
4566000|4.466|1|2024-04-27 17:22:23.879335
4567000|5.5668|1|2024-04-27 17:22:23.879335
4568000|8.2231|1|2024-04-27 17:22:23.879335
4564000|1.0147|1|2024-04-27 17:22:28.987991
4565000|19.2258|1|2024-04-27 17:22:28.987991
4566000|8.026|1|2024-04-27 17:22:28.987991
4567000|6.8313|1|2024-04-27 17:22:28.987991
4568000|108.9386|1|2024-04-27 17:22:28.987991
4562000|0.8833|1|2024-04-27 17:22:34.115717
4563000|18.0|1|2024-04-27 17:22:34.115717
4564000|4.0368|1|2024-04-27 17:22:34.115717
4565000|10.0507|1|2024-04-27 17:22:34.115717
4566000|4.8996|1|2024-04-27 17:22:34.115717
4562000|0.8942|1|2024-04-27 17:22:39.226177
4563000|18.0|1|2024-04-27 17:22:39.226177
4564000|4.0368|1|2024-04-27 17:22:39.226177
4565000|5.2258|1|2024-04-27 17:22:39.226177
4566000|4.8996|1|2024-04-27 17:22:39.226177
4562000|0.8942|1|2024-04-27 17:22:44.356516
4563000|21.56|1|2024-04-27 17:22:44.356516
4564000|5.302|1|2024-04-27 17:22:44.356516
4565000|109.5013|1|2024-04-27 17:22:44.356516
4566000|4.8996|1|2024-04-27 17:22:44.356516
4561000|0.0109|1|2024-04-27 17:22:49.484334
4562000|0.8833|1|2024-04-27 17:22:49.484334
4563000|18.0|1|2024-04-27 17:22:49.484334
4564000|7.5968|1|2024-04-27 17:22:49.484334
4565000|110.7663|1|2024-04-27 17:22:49.484334
4561000|0.0109|1|2024-04-27 17:22:54.588958
4562000|0.8833|1|2024-04-27 17:22:54.588958
4563000|18.0|1|2024-04-27 17:22:54.588958
4564000|7.5968|1|2024-04-27 17:22:54.588958
4565000|110.7663|1|2024-04-27 17:22:54.588958
4561000|0.0109|1|2024-04-27 17:22:59.728294
4562000|0.8833|1|2024-04-27 17:22:59.728294
4563000|18.0|1|2024-04-27 17:22:59.728294
4564000|4.0368|1|2024-04-27 17:22:59.728294
4565000|5.2258|1|2024-04-27 17:22:59.728294
4561000|0.0109|1|2024-04-27 17:23:04.872592
4562000|0.8833|1|2024-04-27 17:23:04.872592
4563000|18.0|1|2024-04-27 17:23:04.872592
4564000|4.0368|1|2024-04-27 17:23:04.872592
4565000|8.7858|1|2024-04-27 17:23:04.872592
4561000|0.0109|1|2024-04-27 17:23:09.988009
4564000|3.907|1|2024-04-27 17:23:09.988009
4565000|20.2258|1|2024-04-27 17:23:09.988009
4566000|8.0131|1|2024-04-27 17:23:09.988009
4567000|107.9945|1|2024-04-27 17:23:09.988009
4561000|0.0109|1|2024-04-27 17:23:15.096852
4564000|3.907|1|2024-04-27 17:23:15.096852
4565000|20.2258|1|2024-04-27 17:23:15.096852
4566000|8.0131|1|2024-04-27 17:23:15.096852
4567000|107.9945|1|2024-04-27 17:23:15.096852
4561000|0.0109|1|2024-04-27 17:23:20.210579
4564000|3.907|1|2024-04-27 17:23:20.210579
4565000|20.2258|1|2024-04-27 17:23:20.210579
4566000|8.0131|1|2024-04-27 17:23:20.210579
4567000|107.9945|1|2024-04-27 17:23:20.210579
4564000|0.0228|1|2024-04-27 17:23:25.333505
4565000|1.2258|1|2024-04-27 17:23:25.333505
4566000|19.3241|1|2024-04-27 17:23:25.333505
4567000|5.5808|1|2024-04-27 17:23:25.333505
4568000|4.6631|1|2024-04-27 17:23:25.333505
4564000|0.0228|1|2024-04-27 17:23:30.484384
4565000|1.2258|1|2024-04-27 17:23:30.484384
4566000|19.3241|1|2024-04-27 17:23:30.484384
4567000|5.5828|1|2024-04-27 17:23:30.484384
4568000|4.6651|1|2024-04-27 17:23:30.484384
4564000|0.0228|1|2024-04-27 17:23:35.592243
4565000|1.2258|1|2024-04-27 17:23:35.592243
4566000|19.3241|1|2024-04-27 17:23:35.592243
4567000|5.5808|1|2024-04-27 17:23:35.592243
4568000|4.6631|1|2024-04-27 17:23:35.592243
4564000|0.0228|1|2024-04-27 17:23:40.713005
4565000|1.2258|1|2024-04-27 17:23:40.713005
4566000|0.4531|1|2024-04-27 17:23:40.713005
4567000|5.4536|1|2024-04-27 17:23:40.713005
4568000|19.6651|1|2024-04-27 17:23:40.713005
4564000|0.0228|1|2024-04-27 17:23:45.831064
4565000|1.2258|1|2024-04-27 17:23:45.831064
4566000|0.4531|1|2024-04-27 17:23:45.831064
4567000|5.4536|1|2024-04-27 17:23:45.831064
4568000|19.6651|1|2024-04-27 17:23:45.831064
4564000|0.0228|1|2024-04-27 17:23:50.951366
4565000|1.2258|1|2024-04-27 17:23:50.951366
4566000|0.4531|1|2024-04-27 17:23:50.951366
4567000|5.4536|1|2024-04-27 17:23:50.951366
4568000|19.6651|1|2024-04-27 17:23:50.951366
4564000|0.0228|1|2024-04-27 17:23:56.076964
4565000|1.2258|1|2024-04-27 17:23:56.076964
4566000|0.4531|1|2024-04-27 17:23:56.076964
4567000|5.4536|1|2024-04-27 17:23:56.076964
4568000|19.6651|1|2024-04-27 17:23:56.076964
4564000|0.0228|1|2024-04-27 17:24:01.217291
4565000|1.2258|1|2024-04-27 17:24:01.217291
4566000|16.3211|1|2024-04-27 17:24:01.217291
4567000|4.5808|1|2024-04-27 17:24:01.217291
4568000|8.2231|1|2024-04-27 17:24:01.217291
4564000|0.0228|1|2024-04-27 17:24:06.325261
4565000|1.2258|1|2024-04-27 17:24:06.325261
4566000|16.3211|1|2024-04-27 17:24:06.325261
4567000|4.5828|1|2024-04-27 17:24:06.325261
4568000|4.6651|1|2024-04-27 17:24:06.325261
4564000|0.0228|1|2024-04-27 17:24:11.462347
4565000|1.2258|1|2024-04-27 17:24:11.462347
4566000|16.3211|1|2024-04-27 17:24:11.462347
4567000|4.5808|1|2024-04-27 17:24:11.462347
4568000|4.6631|1|2024-04-27 17:24:11.462347
4564000|0.0228|1|2024-04-27 17:24:16.583756
4565000|1.2258|1|2024-04-27 17:24:16.583756
4566000|16.3211|1|2024-04-27 17:24:16.583756
4567000|4.5828|1|2024-04-27 17:24:16.583756
4568000|4.6651|1|2024-04-27 17:24:16.583756
4564000|0.0228|1|2024-04-27 17:24:21.711360
4565000|1.2258|1|2024-04-27 17:24:21.711360
4566000|16.3211|1|2024-04-27 17:24:21.711360
4567000|4.5828|1|2024-04-27 17:24:21.711360
4568000|8.2251|1|2024-04-27 17:24:21.711360
4565000|1.2258|1|2024-04-27 17:24:26.847707
4566000|0.4531|1|2024-04-27 17:24:26.847707
4567000|1.5688|1|2024-04-27 17:24:26.847707
4568000|0.6651|1|2024-04-27 17:24:26.847707
4569000|0.4462|1|2024-04-27 17:24:26.847707
4565000|0.0|1|2024-04-27 17:24:31.977457
4566000|0.4531|1|2024-04-27 17:24:31.977457
4567000|1.5668|1|2024-04-27 17:24:31.977457
4568000|0.6651|1|2024-04-27 17:24:31.977457
4569000|0.4462|1|2024-04-27 17:24:31.977457
4568000|0.3046|1|2024-04-27 17:24:37.101155
4569000|0.4462|1|2024-04-27 17:24:37.101155
4570000|0.7127|1|2024-04-27 17:24:37.101155
4571000|0.4494|1|2024-04-27 17:24:37.101155
4572000|15.4484|1|2024-04-27 17:24:37.101155
4569000|0.4462|1|2024-04-27 17:24:42.210549
4570000|15.7127|1|2024-04-27 17:24:42.210549
4571000|0.4484|1|2024-04-27 17:24:42.210549
4572000|3.5496|1|2024-04-27 17:24:42.210549
4573000|8.0035|1|2024-04-27 17:24:42.210549
4569000|0.3712|1|2024-04-27 17:24:47.350881
4570000|15.7107|1|2024-04-27 17:24:47.350881
4571000|0.4464|1|2024-04-27 17:24:47.350881
4572000|3.5466|1|2024-04-27 17:24:47.350881
4573000|4.4435|1|2024-04-27 17:24:47.350881
4568000|0.0096|1|2024-04-27 17:24:52.468944
4569000|0.2982|1|2024-04-27 17:24:52.468944
4570000|15.7127|1|2024-04-27 17:24:52.468944
4571000|0.4484|1|2024-04-27 17:24:52.468944
4572000|7.1086|1|2024-04-27 17:24:52.468944
4568000|0.006|1|2024-04-27 17:24:57.583263
4569000|0.2982|1|2024-04-27 17:24:57.583263
4570000|0.7107|1|2024-04-27 17:24:57.583263
4571000|15.4464|1|2024-04-27 17:24:57.583263
4572000|3.5466|1|2024-04-27 17:24:57.583263
4568000|0.012|1|2024-04-27 17:25:02.682730
4569000|0.3002|1|2024-04-27 17:25:02.682730
4570000|0.7127|1|2024-04-27 17:25:02.682730
4571000|18.4484|1|2024-04-27 17:25:02.682730
4572000|7.1096|1|2024-04-27 17:25:02.682730
4569000|0.2982|1|2024-04-27 17:25:07.795354
4570000|0.7127|1|2024-04-27 17:25:07.795354
4571000|18.4484|1|2024-04-27 17:25:07.795354
4572000|3.5486|1|2024-04-27 17:25:07.795354
4573000|8.0025|1|2024-04-27 17:25:07.795354
4569000|0.2982|1|2024-04-27 17:25:12.939332
4570000|0.7127|1|2024-04-27 17:25:12.939332
4571000|0.4484|1|2024-04-27 17:25:12.939332
4572000|2.204|1|2024-04-27 17:25:12.939332
4573000|15.4425|1|2024-04-27 17:25:12.939332
4570000|0.3746|1|2024-04-27 17:25:18.070323
4571000|0.4484|1|2024-04-27 17:25:18.070323
4572000|0.4464|1|2024-04-27 17:25:18.070323
4573000|0.4425|1|2024-04-27 17:25:18.070323
4574000|17.2099|1|2024-04-27 17:25:18.070323
4571000|0.397|1|2024-04-27 17:25:23.197787
4572000|15.4444|1|2024-04-27 17:25:23.197787
4573000|3.5417|1|2024-04-27 17:25:23.197787
4574000|4.4483|1|2024-04-27 17:25:23.197787
4575000|8.5059|1|2024-04-27 17:25:23.197787
4571000|2.141|1|2024-04-27 17:25:28.309077
4572000|15.4464|1|2024-04-27 17:25:28.309077
4573000|3.5437|1|2024-04-27 17:25:28.309077
4574000|4.4513|1|2024-04-27 17:25:28.309077
4575000|110.9177|1|2024-04-27 17:25:28.309077
4571000|2.141|1|2024-04-27 17:25:33.469762
4572000|18.4464|1|2024-04-27 17:25:33.469762
4573000|4.5437|1|2024-04-27 17:25:33.469762
4574000|4.4513|1|2024-04-27 17:25:33.469762
4575000|109.6515|1|2024-04-27 17:25:33.469762
4569000|1.742|1|2024-04-27 17:25:38.648962
4570000|15.0|1|2024-04-27 17:25:38.648962
4571000|3.399|1|2024-04-27 17:25:38.648962
4572000|4.4464|1|2024-04-27 17:25:38.648962
4573000|4.4415|1|2024-04-27 17:25:38.648962
4570000|19.742|1|2024-04-27 17:25:43.796269
4571000|4.399|1|2024-04-27 17:25:43.796269
4572000|106.8579|1|2024-04-27 17:25:43.796269
4573000|4.4415|1|2024-04-27 17:25:43.796269
4574000|5.7901|1|2024-04-27 17:25:43.796269
4568000|1.742|1|2024-04-27 17:25:48.908013
4569000|18.0|1|2024-04-27 17:25:48.908013
4570000|3.002|1|2024-04-27 17:25:48.908013
4571000|4.399|1|2024-04-27 17:25:48.908013
4572000|110.4178|1|2024-04-27 17:25:48.908013
4568000|1.6191|1|2024-04-27 17:25:54.062095
4569000|18.002|1|2024-04-27 17:25:54.062095
4570000|3.004|1|2024-04-27 17:25:54.062095
4571000|4.399|1|2024-04-27 17:25:54.062095
4572000|105.5958|1|2024-04-27 17:25:54.062095
4568000|1.6191|1|2024-04-27 17:25:59.207784
4569000|15.001|1|2024-04-27 17:25:59.207784
4570000|3.002|1|2024-04-27 17:25:59.207784
4571000|4.397|1|2024-04-27 17:25:59.207784
4572000|105.5928|1|2024-04-27 17:25:59.207784
4568000|0.001|1|2024-04-27 17:26:04.320669
4569000|0.001|1|2024-04-27 17:26:04.320669
4570000|0.004|1|2024-04-27 17:26:04.320669
4571000|17.141|1|2024-04-27 17:26:04.320669
4572000|3.4475|1|2024-04-27 17:26:04.320669
4568000|0.001|1|2024-04-27 17:26:09.452677
4569000|0.001|1|2024-04-27 17:26:09.452677
4570000|0.004|1|2024-04-27 17:26:09.452677
4571000|17.139|1|2024-04-27 17:26:09.452677
4572000|3.4455|1|2024-04-27 17:26:09.452677
4568000|0.001|1|2024-04-27 17:26:14.581630
4569000|0.001|1|2024-04-27 17:26:14.581630
4570000|0.004|1|2024-04-27 17:26:14.581630
4571000|0.399|1|2024-04-27 17:26:14.581630
4572000|15.4475|1|2024-04-27 17:26:14.581630
4568000|0.001|1|2024-04-27 17:26:19.692861
4569000|0.001|1|2024-04-27 17:26:19.692861
4570000|0.004|1|2024-04-27 17:26:19.692861
4571000|0.399|1|2024-04-27 17:26:19.692861
4572000|15.4475|1|2024-04-27 17:26:19.692861
4568000|0.001|1|2024-04-27 17:26:24.887959
4569000|0.001|1|2024-04-27 17:26:24.887959
4570000|0.004|1|2024-04-27 17:26:24.887959
4571000|0.399|1|2024-04-27 17:26:24.887959
4572000|15.4475|1|2024-04-27 17:26:24.887959
4569000|0.001|1|2024-04-27 17:26:30.012741
4570000|0.002|1|2024-04-27 17:26:30.012741
4571000|0.399|1|2024-04-27 17:26:30.012741
4572000|0.4475|1|2024-04-27 17:26:30.012741
4573000|2.1835|1|2024-04-27 17:26:30.012741
4571000|0.0738|1|2024-04-27 17:26:35.141620
4572000|0.4455|1|2024-04-27 17:26:35.141620
4573000|0.4395|1|2024-04-27 17:26:35.141620
4574000|0.4494|1|2024-04-27 17:26:35.141620
4575000|21.253|1|2024-04-27 17:26:35.141620
4571000|0.0|1|2024-04-27 17:26:40.282131
4572000|0.4475|1|2024-04-27 17:26:40.282131
4573000|0.4415|1|2024-04-27 17:26:40.282131
4574000|2.1879|1|2024-04-27 17:26:40.282131
4575000|19.51|1|2024-04-27 17:26:40.282131
4571000|0.0|1|2024-04-27 17:26:45.386735
4572000|0.4455|1|2024-04-27 17:26:45.386735
4573000|0.4395|1|2024-04-27 17:26:45.386735
4574000|2.1859|1|2024-04-27 17:26:45.386735
4575000|19.507|1|2024-04-27 17:26:45.386735
4571000|0.0|1|2024-04-27 17:26:50.494411
4572000|0.4475|1|2024-04-27 17:26:50.494411
4573000|15.4415|1|2024-04-27 17:26:50.494411
4574000|0.4514|1|2024-04-27 17:26:50.494411
4575000|7.51|1|2024-04-27 17:26:50.494411
4573000|0.1338|1|2024-04-27 17:26:55.607826
4574000|15.4514|1|2024-04-27 17:26:55.607826
4575000|7.509|1|2024-04-27 17:26:55.607826
4576000|4.5412|1|2024-04-27 17:26:55.607826
4577000|4.4644|1|2024-04-27 17:26:55.607826
4573000|0.1141|1|2024-04-27 17:27:00.728903
4574000|15.4514|1|2024-04-27 17:27:00.728903
4575000|7.509|1|2024-04-27 17:27:00.728903
4576000|4.5412|1|2024-04-27 17:27:00.728903
4577000|4.4644|1|2024-04-27 17:27:00.728903
4572000|0.002|1|2024-04-27 17:27:05.838608
4573000|0.1161|1|2024-04-27 17:27:05.838608
4574000|15.4514|1|2024-04-27 17:27:05.838608
4575000|7.51|1|2024-04-27 17:27:05.838608
4576000|4.5432|1|2024-04-27 17:27:05.838608
4572000|0.002|1|2024-04-27 17:27:10.970661
4573000|0.1161|1|2024-04-27 17:27:10.970661
4574000|15.4494|1|2024-04-27 17:27:10.970661
4575000|4.507|1|2024-04-27 17:27:10.970661
4576000|3.5392|1|2024-04-27 17:27:10.970661
4572000|0.002|1|2024-04-27 17:27:16.126376
4573000|0.1181|1|2024-04-27 17:27:16.126376
4574000|15.4514|1|2024-04-27 17:27:16.126376
4575000|4.509|1|2024-04-27 17:27:16.126376
4576000|3.5422|1|2024-04-27 17:27:16.126376
4572000|0.002|1|2024-04-27 17:27:21.235580
4573000|0.1181|1|2024-04-27 17:27:21.235580
4574000|2.1715|1|2024-04-27 17:27:21.235580
4575000|19.509|1|2024-04-27 17:27:21.235580
4576000|3.5392|1|2024-04-27 17:27:21.235580
4572000|0.002|1|2024-04-27 17:27:26.357960
4573000|0.1181|1|2024-04-27 17:27:26.357960
4574000|0.4514|1|2024-04-27 17:27:26.357960
4575000|19.509|1|2024-04-27 17:27:26.357960
4576000|3.5422|1|2024-04-27 17:27:26.357960
4572000|0.002|1|2024-04-27 17:27:31.468732
4573000|0.1181|1|2024-04-27 17:27:31.468732
4574000|0.4514|1|2024-04-27 17:27:31.468732
4575000|19.509|1|2024-04-27 17:27:31.468732
4576000|3.5422|1|2024-04-27 17:27:31.468732
4575000|19.1362|1|2024-04-27 17:27:36.612594
4576000|3.5422|1|2024-04-27 17:27:36.612594
4577000|3.4654|1|2024-04-27 17:27:36.612594
4578000|5.4495|1|2024-04-27 17:27:36.612594
4579000|4.4286|1|2024-04-27 17:27:36.612594
4575000|4.1342|1|2024-04-27 17:27:41.746479
4576000|0.5412|1|2024-04-27 17:27:41.746479
4577000|0.4634|1|2024-04-27 17:27:41.746479
4578000|1.4515|1|2024-04-27 17:27:41.746479
4579000|15.005|1|2024-04-27 17:27:41.746479
4575000|2.2349|1|2024-04-27 17:27:46.923768
4576000|0.5392|1|2024-04-27 17:27:46.923768
4577000|0.4614|1|2024-04-27 17:27:46.923768
4578000|1.4495|1|2024-04-27 17:27:46.923768
4579000|16.7204|1|2024-04-27 17:27:46.923768
4575000|0.6613|1|2024-04-27 17:27:52.046548
4576000|0.5412|1|2024-04-27 17:27:52.046548
4577000|0.4634|1|2024-04-27 17:27:52.046548
4578000|3.1708|1|2024-04-27 17:27:52.046548
4579000|15.005|1|2024-04-27 17:27:52.046548
4575000|0.3956|1|2024-04-27 17:27:57.206554
4576000|0.5412|1|2024-04-27 17:27:57.206554
4577000|0.4634|1|2024-04-27 17:27:57.206554
4578000|3.1708|1|2024-04-27 17:27:57.206554
4579000|15.002|1|2024-04-27 17:27:57.206554
4575000|0.3693|1|2024-04-27 17:28:02.312834
4576000|0.5412|1|2024-04-27 17:28:02.312834
4577000|15.4634|1|2024-04-27 17:28:02.312834
4578000|4.4515|1|2024-04-27 17:28:02.312834
4579000|4.005|1|2024-04-27 17:28:02.312834
4575000|0.2964|1|2024-04-27 17:28:07.420344
4576000|0.5403|1|2024-04-27 17:28:07.420344
4577000|0.4614|1|2024-04-27 17:28:07.420344
4578000|19.4515|1|2024-04-27 17:28:07.420344
4579000|3.004|1|2024-04-27 17:28:07.420344
4575000|0.2964|1|2024-04-27 17:28:12.539060
4576000|15.5403|1|2024-04-27 17:28:12.539060
4577000|0.4625|1|2024-04-27 17:28:12.539060
4578000|1.4506|1|2024-04-27 17:28:12.539060
4579000|3.004|1|2024-04-27 17:28:12.539060
4575000|15.2964|1|2024-04-27 17:28:17.663815
4576000|0.5403|1|2024-04-27 17:28:17.663815
4577000|0.4625|1|2024-04-27 17:28:17.663815
4578000|4.4526|1|2024-04-27 17:28:17.663815
4579000|4.005|1|2024-04-27 17:28:17.663815
4575000|15.2964|1|2024-04-27 17:28:22.768266
4576000|0.5403|1|2024-04-27 17:28:22.768266
4577000|3.4625|1|2024-04-27 17:28:22.768266
4578000|5.4506|1|2024-04-27 17:28:22.768266
4579000|4.003|1|2024-04-27 17:28:22.768266
4575000|0.2964|1|2024-04-27 17:28:27.871304
4576000|0.5403|1|2024-04-27 17:28:27.871304
4577000|18.4625|1|2024-04-27 17:28:27.871304
4578000|5.4526|1|2024-04-27 17:28:27.871304
4579000|4.005|1|2024-04-27 17:28:27.871304
4575000|0.179|1|2024-04-27 17:28:32.985837
4576000|0.5403|1|2024-04-27 17:28:32.985837
4577000|18.4625|1|2024-04-27 17:28:32.985837
4578000|5.4506|1|2024-04-27 17:28:32.985837
4579000|4.003|1|2024-04-27 17:28:32.985837
4575000|0.0|1|2024-04-27 17:28:38.093016
4576000|0.5403|1|2024-04-27 17:28:38.093016
4577000|15.4625|1|2024-04-27 17:28:38.093016
4578000|4.4526|1|2024-04-27 17:28:38.093016
4579000|3.005|1|2024-04-27 17:28:38.093016
4575000|0.0026|1|2024-04-27 17:28:43.222808
4576000|0.5403|1|2024-04-27 17:28:43.222808
4577000|0.4625|1|2024-04-27 17:28:43.222808
4578000|16.4526|1|2024-04-27 17:28:43.222808
4579000|3.005|1|2024-04-27 17:28:43.222808
4576000|0.5403|1|2024-04-27 17:28:48.331681
4577000|0.4625|1|2024-04-27 17:28:48.331681
4578000|16.4526|1|2024-04-27 17:28:48.331681
4579000|3.005|1|2024-04-27 17:28:48.331681
4580000|3.4725|1|2024-04-27 17:28:48.331681
4577000|0.4625|1|2024-04-27 17:28:53.445414
4578000|1.4526|1|2024-04-27 17:28:53.445414
4579000|0.005|1|2024-04-27 17:28:53.445414
4580000|15.4725|1|2024-04-27 17:28:53.445414
4581000|14.0996|1|2024-04-27 17:28:53.445414
4577000|0.4625|1|2024-04-27 17:28:58.587623
4578000|1.4506|1|2024-04-27 17:28:58.587623
4579000|0.003|1|2024-04-27 17:28:58.587623
4580000|15.4705|1|2024-04-27 17:28:58.587623
4581000|14.0966|1|2024-04-27 17:28:58.587623
4575000|0.1672|1|2024-04-27 17:29:03.694849
4577000|0.4625|1|2024-04-27 17:29:03.694849
4578000|1.4526|1|2024-04-27 17:29:03.694849
4579000|0.005|1|2024-04-27 17:29:03.694849
4580000|15.4725|1|2024-04-27 17:29:03.694849
4577000|0.4625|1|2024-04-27 17:29:08.804476
4578000|1.4506|1|2024-04-27 17:29:08.804476
4579000|0.003|1|2024-04-27 17:29:08.804476
4580000|15.4705|1|2024-04-27 17:29:08.804476
4581000|14.0966|1|2024-04-27 17:29:08.804476
4577000|0.4645|1|2024-04-27 17:29:13.921257
4578000|1.4506|1|2024-04-27 17:29:13.921257
4579000|0.003|1|2024-04-27 17:29:13.921257
4580000|15.4705|1|2024-04-27 17:29:13.921257
4581000|14.0986|1|2024-04-27 17:29:13.921257
4577000|15.3084|1|2024-04-27 17:29:19.032277
4578000|1.4526|1|2024-04-27 17:29:19.032277
4579000|0.005|1|2024-04-27 17:29:19.032277
4580000|3.4705|1|2024-04-27 17:29:19.032277
4581000|14.0986|1|2024-04-27 17:29:19.032277
4577000|0.1522|1|2024-04-27 17:29:24.136685
4578000|1.4526|1|2024-04-27 17:29:24.136685
4579000|15.005|1|2024-04-27 17:29:24.136685
4580000|3.4705|1|2024-04-27 17:29:24.136685
4581000|14.1006|1|2024-04-27 17:29:24.136685
4577000|0.0|1|2024-04-27 17:29:29.243257
4578000|1.4526|1|2024-04-27 17:29:29.243257
4579000|15.005|1|2024-04-27 17:29:29.243257
4580000|3.4705|1|2024-04-27 17:29:29.243257
4581000|14.1006|1|2024-04-27 17:29:29.243257
4577000|0.0|1|2024-04-27 17:29:34.357663
4578000|1.4526|1|2024-04-27 17:29:34.357663
4579000|15.005|1|2024-04-27 17:29:34.357663
4580000|3.4705|1|2024-04-27 17:29:34.357663
4581000|15.0986|1|2024-04-27 17:29:34.357663
4577000|0.0|1|2024-04-27 17:29:39.486609
4578000|1.4526|1|2024-04-27 17:29:39.486609
4579000|15.005|1|2024-04-27 17:29:39.486609
4580000|3.4705|1|2024-04-27 17:29:39.486609
4581000|15.1006|1|2024-04-27 17:29:39.486609
4577000|0.0|1|2024-04-27 17:29:44.591094
4578000|1.4526|1|2024-04-27 17:29:44.591094
4579000|15.005|1|2024-04-27 17:29:44.591094
4580000|3.4705|1|2024-04-27 17:29:44.591094
4581000|15.0986|1|2024-04-27 17:29:44.591094
4577000|0.0|1|2024-04-27 17:29:49.700434
4578000|1.4526|1|2024-04-27 17:29:49.700434
4579000|15.005|1|2024-04-27 17:29:49.700434
4580000|3.4705|1|2024-04-27 17:29:49.700434
4581000|15.1006|1|2024-04-27 17:29:49.700434
4577000|0.0|1|2024-04-27 17:29:54.820406
4578000|1.4526|1|2024-04-27 17:29:54.820406
4579000|15.005|1|2024-04-27 17:29:54.820406
4580000|3.4705|1|2024-04-27 17:29:54.820406
4581000|15.1006|1|2024-04-27 17:29:54.820406
4578000|1.0791|1|2024-04-27 17:29:59.945042
4579000|0.005|1|2024-04-27 17:29:59.945042
4580000|15.4705|1|2024-04-27 17:29:59.945042
4581000|14.1006|1|2024-04-27 17:29:59.945042
4582000|4.4533|1|2024-04-27 17:29:59.945042
4578000|0.2241|1|2024-04-27 17:30:05.054619
4579000|0.005|1|2024-04-27 17:30:05.054619
4580000|0.4705|1|2024-04-27 17:30:05.054619
4581000|11.1006|1|2024-04-27 17:30:05.054619
4582000|18.4533|1|2024-04-27 17:30:05.054619
4578000|0.2241|1|2024-04-27 17:30:10.161894
4579000|0.005|1|2024-04-27 17:30:10.161894
4580000|0.4705|1|2024-04-27 17:30:10.161894
4581000|11.0986|1|2024-04-27 17:30:10.161894
4582000|18.4513|1|2024-04-27 17:30:10.161894
4578000|0.0|1|2024-04-27 17:30:15.272257
4579000|0.005|1|2024-04-27 17:30:15.272257
4580000|0.4705|1|2024-04-27 17:30:15.272257
4581000|11.0986|1|2024-04-27 17:30:15.272257
4582000|18.4513|1|2024-04-27 17:30:15.272257
4578000|0.0|1|2024-04-27 17:30:20.389683
4579000|0.005|1|2024-04-27 17:30:20.389683
4580000|0.4705|1|2024-04-27 17:30:20.389683
4581000|11.0986|1|2024-04-27 17:30:20.389683
4582000|18.4513|1|2024-04-27 17:30:20.389683
4578000|0.0051|1|2024-04-27 17:30:25.503398
4579000|0.005|1|2024-04-27 17:30:25.503398
4580000|0.4705|1|2024-04-27 17:30:25.503398
4581000|11.0986|1|2024-04-27 17:30:25.503398
4582000|18.4513|1|2024-04-27 17:30:25.503398
4578000|0.0051|1|2024-04-27 17:30:30.613979
4579000|0.005|1|2024-04-27 17:30:30.613979
4580000|0.4705|1|2024-04-27 17:30:30.613979
4581000|11.0986|1|2024-04-27 17:30:30.613979
4582000|18.4513|1|2024-04-27 17:30:30.613979
4578000|0.0051|1|2024-04-27 17:30:35.753907
4579000|1.5443|1|2024-04-27 17:30:35.753907
4580000|15.4705|1|2024-04-27 17:30:35.753907
4581000|11.0986|1|2024-04-27 17:30:35.753907
4582000|3.4513|1|2024-04-27 17:30:35.753907
4578000|0.0051|1|2024-04-27 17:30:40.868873
4579000|0.005|1|2024-04-27 17:30:40.868873
4580000|15.4705|1|2024-04-27 17:30:40.868873
4581000|11.0986|1|2024-04-27 17:30:40.868873
4582000|3.4513|1|2024-04-27 17:30:40.868873
4578000|0.0051|1|2024-04-27 17:30:46.022502
4579000|0.005|1|2024-04-27 17:30:46.022502
4580000|15.4705|1|2024-04-27 17:30:46.022502
4581000|11.0986|1|2024-04-27 17:30:46.022502
4582000|3.4513|1|2024-04-27 17:30:46.022502
4578000|0.0071|1|2024-04-27 17:30:51.144844
4579000|0.005|1|2024-04-27 17:30:51.144844
4580000|15.4705|1|2024-04-27 17:30:51.144844
4581000|11.0986|1|2024-04-27 17:30:51.144844
4582000|3.4513|1|2024-04-27 17:30:51.144844
4578000|0.002|1|2024-04-27 17:30:56.264108
4579000|0.005|1|2024-04-27 17:30:56.264108
4580000|15.4705|1|2024-04-27 17:30:56.264108
4581000|11.0986|1|2024-04-27 17:30:56.264108
4582000|3.4513|1|2024-04-27 17:30:56.264108
4578000|0.002|1|2024-04-27 17:31:01.370891
4579000|0.005|1|2024-04-27 17:31:01.370891
4580000|15.4705|1|2024-04-27 17:31:01.370891
4581000|11.0986|1|2024-04-27 17:31:01.370891
4582000|3.4513|1|2024-04-27 17:31:01.370891
4579000|0.005|1|2024-04-27 17:31:06.494229
4580000|15.4705|1|2024-04-27 17:31:06.494229
4581000|11.0986|1|2024-04-27 17:31:06.494229
4582000|3.4513|1|2024-04-27 17:31:06.494229
4583000|6.3972|1|2024-04-27 17:31:06.494229
4579000|0.005|1|2024-04-27 17:31:11.646106
4580000|15.4705|1|2024-04-27 17:31:11.646106
4581000|11.0986|1|2024-04-27 17:31:11.646106
4582000|3.4513|1|2024-04-27 17:31:11.646106
4583000|6.3972|1|2024-04-27 17:31:11.646106
4579000|0.005|1|2024-04-27 17:31:16.750754
4580000|15.4705|1|2024-04-27 17:31:16.750754
4581000|11.0986|1|2024-04-27 17:31:16.750754
4582000|3.4513|1|2024-04-27 17:31:16.750754
4583000|6.3972|1|2024-04-27 17:31:16.750754
4579000|0.005|1|2024-04-27 17:31:21.857680
4580000|15.4705|1|2024-04-27 17:31:21.857680
4581000|11.0986|1|2024-04-27 17:31:21.857680
4582000|3.4513|1|2024-04-27 17:31:21.857680
4583000|6.3972|1|2024-04-27 17:31:21.857680
4579000|0.005|1|2024-04-27 17:31:26.966530
4580000|15.4705|1|2024-04-27 17:31:26.966530
4581000|11.0986|1|2024-04-27 17:31:26.966530
4582000|3.4513|1|2024-04-27 17:31:26.966530
4583000|6.3972|1|2024-04-27 17:31:26.966530
4579000|0.005|1|2024-04-27 17:31:32.113195
4580000|15.4705|1|2024-04-27 17:31:32.113195
4581000|11.0986|1|2024-04-27 17:31:32.113195
4582000|3.4513|1|2024-04-27 17:31:32.113195
4583000|107.5553|1|2024-04-27 17:31:32.113195
4581000|25.5742|1|2024-04-27 17:31:37.235269
4582000|3.4513|1|2024-04-27 17:31:37.235269
4583000|107.5553|1|2024-04-27 17:31:37.235269
4584000|4.4443|1|2024-04-27 17:31:37.235269
4585000|3.3087|1|2024-04-27 17:31:37.235269
4580000|0.5468|1|2024-04-27 17:31:42.367759
4581000|25.5742|1|2024-04-27 17:31:42.367759
4582000|3.4513|1|2024-04-27 17:31:42.367759
4583000|107.5553|1|2024-04-27 17:31:42.367759
4584000|5.704|1|2024-04-27 17:31:42.367759
4580000|0.5468|1|2024-04-27 17:31:47.476141
4581000|28.5742|1|2024-04-27 17:31:47.476141
4582000|3.4513|1|2024-04-27 17:31:47.476141
4583000|107.5553|1|2024-04-27 17:31:47.476141
4584000|4.4443|1|2024-04-27 17:31:47.476141
4580000|18.5468|1|2024-04-27 17:31:52.605772
4581000|13.5742|1|2024-04-27 17:31:52.605772
4582000|4.4513|1|2024-04-27 17:31:52.605772
4583000|108.8152|1|2024-04-27 17:31:52.605772
4584000|4.4443|1|2024-04-27 17:31:52.605772
4578000|3.56|1|2024-04-27 17:31:57.736146
4580000|22.0323|1|2024-04-27 17:31:57.736146
4581000|13.5742|1|2024-04-27 17:31:57.736146
4582000|9.7813|1|2024-04-27 17:31:57.736146
4583000|112.8853|1|2024-04-27 17:31:57.736146
4579000|0.4663|1|2024-04-27 17:32:02.845631
4580000|21.561|1|2024-04-27 17:32:02.845631
4581000|115.7323|1|2024-04-27 17:32:02.845631
4582000|11.485|1|2024-04-27 17:32:02.845631
4583000|11.7272|1|2024-04-27 17:32:02.845631
4579000|0.001|1|2024-04-27 17:32:07.975522
4580000|18.001|1|2024-04-27 17:32:07.975522
4581000|13.5742|1|2024-04-27 17:32:07.975522
4582000|105.6094|1|2024-04-27 17:32:07.975522
4583000|6.3972|1|2024-04-27 17:32:07.975522
4579000|0.001|1|2024-04-27 17:32:13.148399
4580000|0.001|1|2024-04-27 17:32:13.148399
4581000|10.5742|1|2024-04-27 17:32:13.148399
4582000|0.4513|1|2024-04-27 17:32:13.148399
4583000|5.3972|1|2024-04-27 17:32:13.148399
4580000|0.001|1|2024-04-27 17:32:18.270079
4581000|10.5742|1|2024-04-27 17:32:18.270079
4582000|0.4513|1|2024-04-27 17:32:18.270079
4583000|2.3972|1|2024-04-27 17:32:18.270079
4584000|0.0121|1|2024-04-27 17:32:18.270079
4580000|0.001|1|2024-04-27 17:32:23.385332
4581000|10.5742|1|2024-04-27 17:32:23.385332
4582000|0.4513|1|2024-04-27 17:32:23.385332
4583000|2.3972|1|2024-04-27 17:32:23.385332
4584000|0.0121|1|2024-04-27 17:32:23.385332
4582000|0.0|1|2024-04-27 17:32:28.490816
4583000|2.3972|1|2024-04-27 17:32:28.490816
4584000|0.0121|1|2024-04-27 17:32:28.490816
4585000|0.6304|1|2024-04-27 17:32:28.490816
4586000|15.2243|1|2024-04-27 17:32:28.490816
4583000|2.396|1|2024-04-27 17:32:33.633676
4584000|0.0121|1|2024-04-27 17:32:33.633676
4585000|0.6304|1|2024-04-27 17:32:33.633676
4586000|0.2243|1|2024-04-27 17:32:33.633676
4587000|16.2094|1|2024-04-27 17:32:33.633676
4583000|0.6328|1|2024-04-27 17:32:38.820226
4584000|0.0121|1|2024-04-27 17:32:38.820226
4585000|0.6304|1|2024-04-27 17:32:38.820226
4586000|0.2243|1|2024-04-27 17:32:38.820226
4587000|16.2094|1|2024-04-27 17:32:38.820226
4584000|0.0121|1|2024-04-27 17:32:43.940355
4585000|0.6304|1|2024-04-27 17:32:43.940355
4586000|0.2243|1|2024-04-27 17:32:43.940355
4587000|1.2094|1|2024-04-27 17:32:43.940355
4588000|0.2951|1|2024-04-27 17:32:43.940355
4584000|0.0121|1|2024-04-27 17:32:49.043909
4585000|0.6304|1|2024-04-27 17:32:49.043909
4586000|0.2243|1|2024-04-27 17:32:49.043909
4587000|16.2094|1|2024-04-27 17:32:49.043909
4588000|0.2951|1|2024-04-27 17:32:49.043909
4584000|0.0121|1|2024-04-27 17:32:54.160425
4585000|0.6304|1|2024-04-27 17:32:54.160425
4586000|0.2243|1|2024-04-27 17:32:54.160425
4587000|16.2094|1|2024-04-27 17:32:54.160425
4588000|0.2951|1|2024-04-27 17:32:54.160425
4584000|0.0073|1|2024-04-27 17:32:59.295540
4585000|0.6304|1|2024-04-27 17:32:59.295540
4586000|0.2243|1|2024-04-27 17:32:59.295540
4587000|16.2094|1|2024-04-27 17:32:59.295540
4588000|0.2951|1|2024-04-27 17:32:59.295540
4584000|0.0013|1|2024-04-27 17:33:04.424683
4585000|0.6304|1|2024-04-27 17:33:04.424683
4586000|0.2243|1|2024-04-27 17:33:04.424683
4587000|1.2094|1|2024-04-27 17:33:04.424683
4588000|1.9585|1|2024-04-27 17:33:04.424683
4585000|0.6304|1|2024-04-27 17:33:09.535560
4586000|0.2243|1|2024-04-27 17:33:09.535560
4587000|16.2094|1|2024-04-27 17:33:09.535560
4588000|0.2951|1|2024-04-27 17:33:09.535560
4589000|4.005|1|2024-04-27 17:33:09.535560
4585000|0.6304|1|2024-04-27 17:33:14.656433
4586000|0.2243|1|2024-04-27 17:33:14.656433
4587000|16.2094|1|2024-04-27 17:33:14.656433
4588000|0.2951|1|2024-04-27 17:33:14.656433
4589000|4.005|1|2024-04-27 17:33:14.656433
4586000|0.2243|1|2024-04-27 17:33:19.778020
4587000|1.2094|1|2024-04-27 17:33:19.778020
4588000|0.2951|1|2024-04-27 17:33:19.778020
4589000|0.005|1|2024-04-27 17:33:19.778020
4590000|1.8769|1|2024-04-27 17:33:19.778020
4586000|0.0857|1|2024-04-27 17:33:24.888680
4587000|1.2094|1|2024-04-27 17:33:24.888680
4588000|0.2951|1|2024-04-27 17:33:24.888680
4589000|0.005|1|2024-04-27 17:33:24.888680
4590000|3.538|1|2024-04-27 17:33:24.888680
4587000|1.186|1|2024-04-27 17:33:30.004009
4588000|0.2951|1|2024-04-27 17:33:30.004009
4589000|0.005|1|2024-04-27 17:33:30.004009
4590000|1.8769|1|2024-04-27 17:33:30.004009
4591000|1.6664|1|2024-04-27 17:33:30.004009
4587000|1.1192|1|2024-04-27 17:33:35.132690
4588000|0.2951|1|2024-04-27 17:33:35.132690
4589000|15.005|1|2024-04-27 17:33:35.132690
4590000|9.5391|1|2024-04-27 17:33:35.132690
4591000|4.0122|1|2024-04-27 17:33:35.132690
4587000|1.1156|1|2024-04-27 17:33:40.239879
4588000|0.2951|1|2024-04-27 17:33:40.239879
4589000|15.005|1|2024-04-27 17:33:40.239879
4590000|5.9791|1|2024-04-27 17:33:40.239879
4591000|4.0122|1|2024-04-27 17:33:40.239879
4587000|16.0251|1|2024-04-27 17:33:45.380572
4588000|3.8551|1|2024-04-27 17:33:45.380572
4589000|4.005|1|2024-04-27 17:33:45.380572
4590000|5.9791|1|2024-04-27 17:33:45.380572
4591000|7.5722|1|2024-04-27 17:33:45.380572
4587000|16.0251|1|2024-04-27 17:33:50.495969
4588000|6.8551|1|2024-04-27 17:33:50.495969
4589000|4.005|1|2024-04-27 17:33:50.495969
4590000|5.9791|1|2024-04-27 17:33:50.495969
4591000|110.3987|1|2024-04-27 17:33:50.495969
4586000|0.3143|1|2024-04-27 17:33:55.609359
4587000|20.0262|1|2024-04-27 17:33:55.609359
4588000|6.9573|1|2024-04-27 17:33:55.609359
4589000|4.441|1|2024-04-27 17:33:55.609359
4590000|5.8769|1|2024-04-27 17:33:55.609359
4584000|6.0|1|2024-04-27 17:34:00.721304
4585000|5.2188|1|2024-04-27 17:34:00.721304
4586000|19.2017|1|2024-04-27 17:34:00.721304
4587000|5.0262|1|2024-04-27 17:34:00.721304
4588000|6.8551|1|2024-04-27 17:34:00.721304
4585000|1.6588|1|2024-04-27 17:34:05.828143
4586000|19.1042|1|2024-04-27 17:34:05.828143
4587000|107.8527|1|2024-04-27 17:34:05.828143
4588000|3.7208|1|2024-04-27 17:34:05.828143
4589000|1.441|1|2024-04-27 17:34:05.828143
4586000|0.002|1|2024-04-27 17:34:10.937177
4587000|4.0262|1|2024-04-27 17:34:10.937177
4588000|18.2962|1|2024-04-27 17:34:10.937177
4589000|106.8325|1|2024-04-27 17:34:10.937177
4590000|6.3161|1|2024-04-27 17:34:10.937177
4586000|0.002|1|2024-04-27 17:34:16.062996
4587000|1.0262|1|2024-04-27 17:34:16.062996
4588000|0.3984|1|2024-04-27 17:34:16.062996
4589000|4.6648|1|2024-04-27 17:34:16.062996
4590000|20.8769|1|2024-04-27 17:34:16.062996
4586000|0.1154|1|2024-04-27 17:34:21.169037
4587000|1.0262|1|2024-04-27 17:34:21.169037
4588000|0.3984|1|2024-04-27 17:34:21.169037
4589000|4.6648|1|2024-04-27 17:34:21.169037
4590000|24.4369|1|2024-04-27 17:34:21.169037
4586000|0.1154|1|2024-04-27 17:34:26.275214
4587000|1.0262|1|2024-04-27 17:34:26.275214
4588000|17.0589|1|2024-04-27 17:34:26.275214
4589000|6.566|1|2024-04-27 17:34:26.275214
4590000|5.8769|1|2024-04-27 17:34:26.275214
4586000|15.1174|1|2024-04-27 17:34:31.407654
4587000|4.5862|1|2024-04-27 17:34:31.407654
4588000|4.3984|1|2024-04-27 17:34:31.407654
4589000|7.566|1|2024-04-27 17:34:31.407654
4590000|109.129|1|2024-04-27 17:34:31.407654
4585000|1.6315|1|2024-04-27 17:34:36.515686
4586000|18.6774|1|2024-04-27 17:34:36.515686
4587000|4.0282|1|2024-04-27 17:34:36.515686
4588000|4.3984|1|2024-04-27 17:34:36.515686
4589000|7.566|1|2024-04-27 17:34:36.515686
4586000|15.1174|1|2024-04-27 17:34:41.647623
4587000|4.0282|1|2024-04-27 17:34:41.647623
4588000|4.3984|1|2024-04-27 17:34:41.647623
4589000|7.568|1|2024-04-27 17:34:41.647623
4590000|109.129|1|2024-04-27 17:34:41.647623
4586000|0.1174|1|2024-04-27 17:34:46.766915
4587000|19.0282|1|2024-04-27 17:34:46.766915
4588000|7.9612|1|2024-04-27 17:34:46.766915
4589000|110.3945|1|2024-04-27 17:34:46.766915
4590000|6.3025|1|2024-04-27 17:34:46.766915
4586000|0.1174|1|2024-04-27 17:34:51.876621
4587000|1.0282|1|2024-04-27 17:34:51.876621
4588000|18.4012|1|2024-04-27 17:34:51.876621
4589000|110.3945|1|2024-04-27 17:34:51.876621
4590000|6.3025|1|2024-04-27 17:34:51.876621
4586000|0.1174|1|2024-04-27 17:34:56.994194
4587000|1.0282|1|2024-04-27 17:34:56.994194
4588000|18.4012|1|2024-04-27 17:34:56.994194
4589000|4.008|1|2024-04-27 17:34:56.994194
4590000|5.8769|1|2024-04-27 17:34:56.994194
4586000|1.7779|1|2024-04-27 17:35:02.139844
4587000|1.0282|1|2024-04-27 17:35:02.139844
4588000|21.9612|1|2024-04-27 17:35:02.139844
4589000|4.008|1|2024-04-27 17:35:02.139844
4590000|9.4369|1|2024-04-27 17:35:02.139844
4586000|0.1174|1|2024-04-27 17:35:07.247870
4587000|1.0282|1|2024-04-27 17:35:07.247870
4588000|0.299|1|2024-04-27 17:35:07.247870
4589000|1.6685|1|2024-04-27 17:35:07.247870
4590000|24.4369|1|2024-04-27 17:35:07.247870
4587000|1.0324|1|2024-04-27 17:35:12.376329
4588000|0.299|1|2024-04-27 17:35:12.376329
4589000|0.008|1|2024-04-27 17:35:12.376329
4590000|3.5374|1|2024-04-27 17:35:12.376329
4591000|15.0122|1|2024-04-27 17:35:12.376329
4587000|0.8249|1|2024-04-27 17:35:17.506661
4588000|0.299|1|2024-04-27 17:35:17.506661
4589000|0.008|1|2024-04-27 17:35:17.506661
4590000|3.5374|1|2024-04-27 17:35:17.506661
4591000|15.0122|1|2024-04-27 17:35:17.506661
4587000|0.7979|1|2024-04-27 17:35:22.618435
4588000|0.299|1|2024-04-27 17:35:22.618435
4589000|0.008|1|2024-04-27 17:35:22.618435
4590000|3.6396|1|2024-04-27 17:35:22.618435
4591000|21.5722|1|2024-04-27 17:35:22.618435
4587000|0.7979|1|2024-04-27 17:35:27.733159
4588000|0.299|1|2024-04-27 17:35:27.733159
4589000|15.008|1|2024-04-27 17:35:27.733159
4590000|1.9791|1|2024-04-27 17:35:27.733159
4591000|6.5722|1|2024-04-27 17:35:27.733159
4587000|0.7355|1|2024-04-27 17:35:32.865141
4588000|0.299|1|2024-04-27 17:35:32.865141
4589000|15.008|1|2024-04-27 17:35:32.865141
4590000|1.9791|1|2024-04-27 17:35:32.865141
4591000|7.5722|1|2024-04-27 17:35:32.865141
4587000|0.6876|1|2024-04-27 17:35:37.982057
4588000|0.3001|1|2024-04-27 17:35:37.982057
4589000|0.008|1|2024-04-27 17:35:37.982057
4590000|16.9791|1|2024-04-27 17:35:37.982057
4591000|7.5722|1|2024-04-27 17:35:37.982057
4588000|0.3001|1|2024-04-27 17:35:43.097666
4589000|0.008|1|2024-04-27 17:35:43.097666
4590000|1.8769|1|2024-04-27 17:35:43.097666
4591000|3.1144|1|2024-04-27 17:35:43.097666
4592000|21.045|1|2024-04-27 17:35:43.097666
4588000|0.2347|1|2024-04-27 17:35:48.212949
4589000|0.008|1|2024-04-27 17:35:48.212949
4590000|1.8769|1|2024-04-27 17:35:48.212949
4591000|1.7735|1|2024-04-27 17:35:48.212949
4592000|20.045|1|2024-04-27 17:35:48.212949
4588000|0.2347|1|2024-04-27 17:35:53.364921
4589000|0.008|1|2024-04-27 17:35:53.364921
4590000|1.8769|1|2024-04-27 17:35:53.364921
4591000|1.7735|1|2024-04-27 17:35:53.364921
4592000|20.045|1|2024-04-27 17:35:53.364921
4588000|0.1698|1|2024-04-27 17:35:58.476430
4589000|0.008|1|2024-04-27 17:35:58.476430
4590000|16.8769|1|2024-04-27 17:35:58.476430
4591000|3.1144|1|2024-04-27 17:35:58.476430
4592000|6.045|1|2024-04-27 17:35:58.476430
4588000|0.1698|1|2024-04-27 17:36:03.614483
4589000|0.0148|1|2024-04-27 17:36:03.614483
4590000|1.8769|1|2024-04-27 17:36:03.614483
4591000|3.0122|1|2024-04-27 17:36:03.614483
4592000|21.045|1|2024-04-27 17:36:03.614483
4588000|0.1686|1|2024-04-27 17:36:08.750598
4589000|0.0148|1|2024-04-27 17:36:08.750598
4590000|1.8769|1|2024-04-27 17:36:08.750598
4591000|0.0122|1|2024-04-27 17:36:08.750598
4592000|20.045|1|2024-04-27 17:36:08.750598
4588000|0.1686|1|2024-04-27 17:36:13.871262
4589000|0.0148|1|2024-04-27 17:36:13.871262
4590000|1.8769|1|2024-04-27 17:36:13.871262
4591000|0.0122|1|2024-04-27 17:36:13.871262
4592000|20.045|1|2024-04-27 17:36:13.871262
4589000|0.0148|1|2024-04-27 17:36:18.982739
4590000|1.8769|1|2024-04-27 17:36:18.982739
4591000|0.0122|1|2024-04-27 17:36:18.982739
4592000|20.1472|1|2024-04-27 17:36:18.982739
4593000|4.5027|1|2024-04-27 17:36:18.982739
4589000|0.0148|1|2024-04-27 17:36:24.087307
4590000|16.8769|1|2024-04-27 17:36:24.087307
4591000|3.0122|1|2024-04-27 17:36:24.087307
4592000|6.1472|1|2024-04-27 17:36:24.087307
4593000|8.0627|1|2024-04-27 17:36:24.087307
4589000|0.0148|1|2024-04-27 17:36:29.230033
4590000|16.8769|1|2024-04-27 17:36:29.230033
4591000|3.0122|1|2024-04-27 17:36:29.230033
4592000|9.7072|1|2024-04-27 17:36:29.230033
4593000|4.62|1|2024-04-27 17:36:29.230033
4589000|0.0148|1|2024-04-27 17:36:34.339970
4590000|19.8769|1|2024-04-27 17:36:34.339970
4591000|4.0122|1|2024-04-27 17:36:34.339970
4592000|6.1472|1|2024-04-27 17:36:34.339970
4593000|4.62|1|2024-04-27 17:36:34.339970
4589000|0.0148|1|2024-04-27 17:36:39.509790
4590000|19.8769|1|2024-04-27 17:36:39.509790
4591000|7.5722|1|2024-04-27 17:36:39.509790
4592000|108.9737|1|2024-04-27 17:36:39.509790
4593000|8.18|1|2024-04-27 17:36:39.509790
4589000|4.6673|1|2024-04-27 17:36:44.633331
4590000|24.5391|1|2024-04-27 17:36:44.633331
4591000|7.5722|1|2024-04-27 17:36:44.633331
4592000|108.8715|1|2024-04-27 17:36:44.633331
4593000|5.5667|1|2024-04-27 17:36:44.633331
4588000|1.6412|1|2024-04-27 17:36:49.757943
4589000|22.5748|1|2024-04-27 17:36:49.757943
4590000|5.9791|1|2024-04-27 17:36:49.757943
4591000|7.5722|1|2024-04-27 17:36:49.757943
4592000|109.3096|1|2024-04-27 17:36:49.757943
4588000|21.56|1|2024-04-27 17:36:54.898691
4589000|106.8413|1|2024-04-27 17:36:54.898691
4590000|5.9791|1|2024-04-27 17:36:54.898691
4591000|7.5722|1|2024-04-27 17:36:54.898691
4592000|7.7403|1|2024-04-27 17:36:54.898691
4588000|21.56|1|2024-04-27 17:37:00.040652
4589000|106.8413|1|2024-04-27 17:37:00.040652
4590000|5.9791|1|2024-04-27 17:37:00.040652
4591000|7.5722|1|2024-04-27 17:37:00.040652
4592000|6.4831|1|2024-04-27 17:37:00.040652
4588000|1.6396|1|2024-04-27 17:37:05.157408
4589000|3.0148|1|2024-04-27 17:37:05.157408
4590000|5.9791|1|2024-04-27 17:37:05.157408
4591000|106.8387|1|2024-04-27 17:37:05.157408
4592000|10.0431|1|2024-04-27 17:37:05.157408
4589000|1.6544|1|2024-04-27 17:37:10.283537
4590000|20.9791|1|2024-04-27 17:37:10.283537
4591000|110.3987|1|2024-04-27 17:37:10.283537
4592000|6.045|1|2024-04-27 17:37:10.283537
4593000|5.6195|1|2024-04-27 17:37:10.283537
4589000|0.0148|1|2024-04-27 17:37:15.418882
4590000|1.8769|1|2024-04-27 17:37:15.418882
4591000|1.6518|1|2024-04-27 17:37:15.418882
4592000|5.045|1|2024-04-27 17:37:15.418882
4593000|19.62|1|2024-04-27 17:37:15.418882
4589000|0.0148|1|2024-04-27 17:37:20.530193
4590000|1.8769|1|2024-04-27 17:37:20.530193
4591000|1.6518|1|2024-04-27 17:37:20.530193
4592000|5.045|1|2024-04-27 17:37:20.530193
4593000|19.62|1|2024-04-27 17:37:20.530193
4591000|0.0122|1|2024-04-27 17:37:25.638734
4592000|3.7868|1|2024-04-27 17:37:25.638734
4593000|18.62|1|2024-04-27 17:37:25.638734
4594000|4.0096|1|2024-04-27 17:37:25.638734
4595000|110.4898|1|2024-04-27 17:37:25.638734
4591000|0.0122|1|2024-04-27 17:37:30.745293
4592000|3.6846|1|2024-04-27 17:37:30.745293
4593000|18.62|1|2024-04-27 17:37:30.745293
4594000|4.1118|1|2024-04-27 17:37:30.745293
4595000|110.4898|1|2024-04-27 17:37:30.745293
4591000|0.0122|1|2024-04-27 17:37:35.858707
4592000|3.6846|1|2024-04-27 17:37:35.858707
4593000|18.62|1|2024-04-27 17:37:35.858707
4594000|4.1118|1|2024-04-27 17:37:35.858707
4595000|110.4898|1|2024-04-27 17:37:35.858707
4591000|0.0122|1|2024-04-27 17:37:40.968286
4592000|3.6846|1|2024-04-27 17:37:40.968286
4593000|18.62|1|2024-04-27 17:37:40.968286
4594000|4.1118|1|2024-04-27 17:37:40.968286
4595000|110.4898|1|2024-04-27 17:37:40.968286
4591000|0.0122|1|2024-04-27 17:37:46.084154
4592000|2.045|1|2024-04-27 17:37:46.084154
4593000|0.62|1|2024-04-27 17:37:46.084154
4594000|19.1118|1|2024-04-27 17:37:46.084154
4595000|4.1033|1|2024-04-27 17:37:46.084154
4591000|0.0122|1|2024-04-27 17:37:51.190613
4592000|2.045|1|2024-04-27 17:37:51.190613
4593000|0.62|1|2024-04-27 17:37:51.190613
4594000|19.1118|1|2024-04-27 17:37:51.190613
4595000|4.1033|1|2024-04-27 17:37:51.190613
4592000|2.045|1|2024-04-27 17:37:56.321784
4593000|0.62|1|2024-04-27 17:37:56.321784
4594000|19.0096|1|2024-04-27 17:37:56.321784
4595000|4.2055|1|2024-04-27 17:37:56.321784
4596000|8.2222|1|2024-04-27 17:37:56.321784
4592000|2.045|1|2024-04-27 17:38:01.431793
4593000|0.62|1|2024-04-27 17:38:01.431793
4594000|19.0096|1|2024-04-27 17:38:01.431793
4595000|4.2055|1|2024-04-27 17:38:01.431793
4596000|8.2222|1|2024-04-27 17:38:01.431793
4592000|2.0402|1|2024-04-27 17:38:06.561142
4593000|0.62|1|2024-04-27 17:38:06.561142
4594000|0.0096|1|2024-04-27 17:38:06.561142
4595000|4.8615|1|2024-04-27 17:38:06.561142
4596000|19.6622|1|2024-04-27 17:38:06.561142
4592000|1.9595|1|2024-04-27 17:38:11.680482
4593000|0.62|1|2024-04-27 17:38:11.680482
4594000|3.0096|1|2024-04-27 17:38:11.680482
4595000|5.8615|1|2024-04-27 17:38:11.680482
4596000|19.6622|1|2024-04-27 17:38:11.680482
4592000|1.9595|1|2024-04-27 17:38:16.786467
4593000|0.62|1|2024-04-27 17:38:16.786467
4594000|19.0096|1|2024-04-27 17:38:16.786467
4595000|4.2055|1|2024-04-27 17:38:16.786467
4596000|4.6622|1|2024-04-27 17:38:16.786467
4592000|1.9595|1|2024-04-27 17:38:21.919481
4593000|4.62|1|2024-04-27 17:38:21.919481
4594000|22.5696|1|2024-04-27 17:38:21.919481
4595000|107.3742|1|2024-04-27 17:38:21.919481
4596000|8.6488|1|2024-04-27 17:38:21.919481
4592000|1.9605|1|2024-04-27 17:38:27.037294
4593000|6.2925|1|2024-04-27 17:38:27.037294
4594000|19.1118|1|2024-04-27 17:38:27.037294
4595000|107.3742|1|2024-04-27 17:38:27.037294
4596000|12.2088|1|2024-04-27 17:38:27.037294
4591000|4.6725|1|2024-04-27 17:38:32.157904
4592000|24.6227|1|2024-04-27 17:38:32.157904
4593000|4.6211|1|2024-04-27 17:38:32.157904
4594000|8.021|1|2024-04-27 17:38:32.157904
4595000|107.3742|1|2024-04-27 17:38:32.157904
4590000|19.0|1|2024-04-27 17:38:37.280681
4591000|3.002|1|2024-04-27 17:38:37.280681
4592000|112.4492|1|2024-04-27 17:38:37.280681
4593000|4.6211|1|2024-04-27 17:38:37.280681
4594000|8.021|1|2024-04-27 17:38:37.280681
4590000|0.001|1|2024-04-27 17:38:42.416350
4591000|4.6745|1|2024-04-27 17:38:42.416350
4592000|123.8892|1|2024-04-27 17:38:42.416350
4593000|4.6211|1|2024-04-27 17:38:42.416350
4594000|4.461|1|2024-04-27 17:38:42.416350
4590000|0.001|1|2024-04-27 17:38:47.566627
4591000|4.6745|1|2024-04-27 17:38:47.566627
4592000|21.0627|1|2024-04-27 17:38:47.566627
4593000|4.6211|1|2024-04-27 17:38:47.566627
4594000|110.3961|1|2024-04-27 17:38:47.566627
4590000|0.001|1|2024-04-27 17:38:52.702715
4591000|0.002|1|2024-04-27 17:38:52.702715
4592000|1.9605|1|2024-04-27 17:38:52.702715
4593000|2.2936|1|2024-04-27 17:38:52.702715
4594000|19.0096|1|2024-04-27 17:38:52.702715
4590000|0.001|1|2024-04-27 17:38:57.831373
4591000|0.002|1|2024-04-27 17:38:57.831373
4592000|1.9605|1|2024-04-27 17:38:57.831373
4593000|2.2936|1|2024-04-27 17:38:57.831373
4594000|19.0096|1|2024-04-27 17:38:57.831373
4590000|0.001|1|2024-04-27 17:39:02.941615
4591000|0.002|1|2024-04-27 17:39:02.941615
4592000|1.9605|1|2024-04-27 17:39:02.941615
4593000|2.2936|1|2024-04-27 17:39:02.941615
4594000|19.0096|1|2024-04-27 17:39:02.941615
4591000|0.002|1|2024-04-27 17:39:08.055913
4592000|1.9605|1|2024-04-27 17:39:08.055913
4593000|0.6211|1|2024-04-27 17:39:08.055913
4594000|0.0096|1|2024-04-27 17:39:08.055913
4595000|19.7758|1|2024-04-27 17:39:08.055913
4592000|1.3356|1|2024-04-27 17:39:13.161342
4593000|0.6211|1|2024-04-27 17:39:13.161342
4594000|0.0096|1|2024-04-27 17:39:13.161342
4595000|0.1033|1|2024-04-27 17:39:13.161342
4596000|5.3227|1|2024-04-27 17:39:13.161342
4594000|0.0096|1|2024-04-27 17:39:18.270834
4595000|0.1033|1|2024-04-27 17:39:18.270834
4596000|0.6622|1|2024-04-27 17:39:18.270834
4597000|3.0092|1|2024-04-27 17:39:18.270834
4598000|1.7219|1|2024-04-27 17:39:18.270834
4600000|1.4235|1|2024-04-27 17:39:23.399884
4601000|5.0054|1|2024-04-27 17:39:23.399884
4602000|0.0697|1|2024-04-27 17:39:23.399884
4603000|0.069|1|2024-04-27 17:39:23.399884
4604000|0.003|1|2024-04-27 17:39:23.399884
4607000|0.0054|1|2024-04-27 17:39:28.512899
4608000|15.0405|1|2024-04-27 17:39:28.512899
4609000|3.1972|1|2024-04-27 17:39:28.512899
4610000|5.9312|1|2024-04-27 17:39:28.512899
4611000|110.182|1|2024-04-27 17:39:28.512899
4605000|0.0225|1|2024-04-27 17:39:33.655357
4609000|4.7087|1|2024-04-27 17:39:33.655357
4610000|20.516|1|2024-04-27 17:39:33.655357
4611000|110.182|1|2024-04-27 17:39:33.655357
4612000|7.7068|1|2024-04-27 17:39:33.655357
4605000|0.0225|1|2024-04-27 17:39:38.764405
4608000|0.002|1|2024-04-27 17:39:38.764405
4609000|19.7107|1|2024-04-27 17:39:38.764405
4610000|5.518|1|2024-04-27 17:39:38.764405
4611000|110.182|1|2024-04-27 17:39:38.764405
4607000|15.35|1|2024-04-27 17:39:43.896356
4608000|1.6157|1|2024-04-27 17:39:43.896356
4609000|3.0451|1|2024-04-27 17:39:43.896356
4610000|5.516|1|2024-04-27 17:39:43.896356
4611000|110.179|1|2024-04-27 17:39:43.896356
4607000|0.35|1|2024-04-27 17:39:49.005385
4608000|18.0|1|2024-04-27 17:39:49.005385
4609000|4.0451|1|2024-04-27 17:39:49.005385
4610000|5.518|1|2024-04-27 17:39:49.005385
4611000|110.181|1|2024-04-27 17:39:49.005385
4607000|0.353|1|2024-04-27 17:39:54.136236
4609000|0.0471|1|2024-04-27 17:39:54.136236
4610000|19.518|1|2024-04-27 17:39:54.136236
4611000|110.181|1|2024-04-27 17:39:54.136236
4612000|10.3178|1|2024-04-27 17:39:54.136236
4607000|0.323|1|2024-04-27 17:39:59.255776
4609000|0.0491|1|2024-04-27 17:39:59.255776
4610000|19.52|1|2024-04-27 17:39:59.255776
4611000|110.181|1|2024-04-27 17:39:59.255776
4612000|10.3178|1|2024-04-27 17:39:59.255776
4620000|92.8485|1|2024-04-27 17:40:04.386815
4621000|0.003|1|2024-04-27 17:40:04.386815
4622000|0.0228|1|2024-04-27 17:40:04.386815
4623000|0.0135|1|2024-04-27 17:40:04.386815
4624000|3.9497|1|2024-04-27 17:40:04.386815
4627000|0.2174|1|2024-04-27 17:40:09.513942
4629000|2.8486|1|2024-04-27 17:40:09.513942
4630000|3.0|1|2024-04-27 17:40:09.513942
4631000|5.1586|1|2024-04-27 17:40:09.513942
4632000|109.8992|1|2024-04-27 17:40:09.513942
4628000|0.002|1|2024-04-27 17:40:14.630265
4629000|0.0648|1|2024-04-27 17:40:14.630265
4631000|7.7125|1|2024-04-27 17:40:14.630265
4632000|21.5|1|2024-04-27 17:40:14.630265
4633000|93.5169|1|2024-04-27 17:40:14.630265
4628000|15.005|1|2024-04-27 17:40:19.752024
4629000|0.0625|1|2024-04-27 17:40:19.752024
4630000|4.0|1|2024-04-27 17:40:19.752024
4631000|8.7125|1|2024-04-27 17:40:19.752024
4632000|8.1794|1|2024-04-27 17:40:19.752024
4631000|4.1937|1|2024-04-27 17:40:24.878440
4632000|2.5|1|2024-04-27 17:40:24.878440
4633000|18.6928|1|2024-04-27 17:40:24.878440
4634000|1.0066|1|2024-04-27 17:40:24.878440
4635000|4.4461|1|2024-04-27 17:40:24.878440
4631000|4.1987|1|2024-04-27 17:40:30.019042
4632000|2.5|1|2024-04-27 17:40:30.019042
4633000|15.6928|1|2024-04-27 17:40:30.019042
4634000|4.0066|1|2024-04-27 17:40:30.019042
4635000|4.4461|1|2024-04-27 17:40:30.019042
4629000|0.0281|1|2024-04-27 17:40:35.141228
4630000|8.6115|1|2024-04-27 17:40:35.141228
4631000|19.0371|1|2024-04-27 17:40:35.141228
4632000|6.931|1|2024-04-27 17:40:35.141228
4633000|4.6928|1|2024-04-27 17:40:35.141228
4630000|5.415|1|2024-04-27 17:40:40.283529
4631000|23.0485|1|2024-04-27 17:40:40.283529
4632000|94.9042|1|2024-04-27 17:40:40.283529
4633000|4.6928|1|2024-04-27 17:40:40.283529
4634000|0.4381|1|2024-04-27 17:40:40.283529
4627000|3.0|1|2024-04-27 17:40:45.439474
4628000|19.3114|1|2024-04-27 17:40:45.439474
4629000|1.003|1|2024-04-27 17:40:45.439474
4630000|4.7205|1|2024-04-27 17:40:45.439474
4631000|5.4696|1|2024-04-27 17:40:45.439474
4626000|3.3115|1|2024-04-27 17:40:50.605623
4627000|107.4022|1|2024-04-27 17:40:50.605623
4628000|4.0|1|2024-04-27 17:40:50.605623
4629000|1.003|1|2024-04-27 17:40:50.605623
4630000|0.4482|1|2024-04-27 17:40:50.605623
4626000|20.6498|1|2024-04-27 17:40:55.731898
4627000|4.3144|1|2024-04-27 17:40:55.731898
4628000|5.2483|1|2024-04-27 17:40:55.731898
4629000|92.4057|1|2024-04-27 17:40:55.731898
