price|quantity|type|timestamp
4687000|3.506|1|2024-04-28 00:00:02.700578
4688000|3.3814|1|2024-04-28 00:00:02.700578
4689000|2.2763|1|2024-04-28 00:00:02.700578
4690000|4.0659|1|2024-04-28 00:00:02.700578
4691000|4.9923|1|2024-04-28 00:00:02.700578
4687000|3.2926|1|2024-04-28 00:00:07.916031
4688000|1.84|1|2024-04-28 00:00:07.916031
4689000|2.2763|1|2024-04-28 00:00:07.916031
4690000|7.6259|1|2024-04-28 00:00:07.916031
4691000|4.9923|1|2024-04-28 00:00:07.916031
4687000|3.024|1|2024-04-28 00:00:13.044858
4688000|1.84|1|2024-04-28 00:00:13.044858
4689000|2.2763|1|2024-04-28 00:00:13.044858
4690000|3.0659|1|2024-04-28 00:00:13.044858
4691000|8.5523|1|2024-04-28 00:00:13.044858
4691000|0.7498|1|2024-04-28 00:00:18.181800
4693000|0.016|1|2024-04-28 00:00:18.181800
4694000|3.0|1|2024-04-28 00:00:18.181800
4695000|6.1388|1|2024-04-28 00:00:18.181800
4696000|20.601|1|2024-04-28 00:00:18.181800
4695000|4.0721|1|2024-04-28 00:00:23.308634
4696000|4.601|1|2024-04-28 00:00:23.308634
4697000|19.1145|1|2024-04-28 00:00:23.308634
4698000|4.2701|1|2024-04-28 00:00:23.308634
4699000|3.3134|1|2024-04-28 00:00:23.308634
4695000|1.1753|1|2024-04-28 00:00:28.418920
4696000|4.601|1|2024-04-28 00:00:28.418920
4697000|22.7766|1|2024-04-28 00:00:28.418920
4698000|4.2701|1|2024-04-28 00:00:28.418920
4699000|5.6457|1|2024-04-28 00:00:28.418920
4694000|3.56|1|2024-04-28 00:00:33.526685
4695000|0.0|1|2024-04-28 00:00:33.526685
4696000|4.601|1|2024-04-28 00:00:33.526685
4697000|23.115|1|2024-04-28 00:00:33.526685
4698000|5.4981|1|2024-04-28 00:00:33.526685
4693000|3.347|1|2024-04-28 00:00:38.676054
4695000|3.56|1|2024-04-28 00:00:38.676054
4696000|20.601|1|2024-04-28 00:00:38.676054
4697000|115.6109|1|2024-04-28 00:00:38.676054
4698000|4.688|1|2024-04-28 00:00:38.676054
4696000|19.1205|1|2024-04-28 00:00:43.794666
4697000|118.7304|1|2024-04-28 00:00:43.794666
4698000|4.7107|1|2024-04-28 00:00:43.794666
4699000|15.4072|1|2024-04-28 00:00:43.794666
4700000|11.2514|1|2024-04-28 00:00:43.794666
4696000|20.0323|1|2024-04-28 00:00:48.912228
4697000|115.5092|1|2024-04-28 00:00:48.912228
4698000|7.9322|1|2024-04-28 00:00:48.912228
4699000|4.7472|1|2024-04-28 00:00:48.912228
4700000|11.2514|1|2024-04-28 00:00:48.912228
4696000|18.8039|1|2024-04-28 00:00:54.022743
4697000|115.5092|1|2024-04-28 00:00:54.022743
4698000|7.9322|1|2024-04-28 00:00:54.022743
4699000|4.7472|1|2024-04-28 00:00:54.022743
4700000|11.2514|1|2024-04-28 00:00:54.022743
4696000|23.3584|1|2024-04-28 00:00:59.137094
4697000|115.5092|1|2024-04-28 00:00:59.137094
4698000|7.9322|1|2024-04-28 00:00:59.137094
4699000|4.7472|1|2024-04-28 00:00:59.137094
4700000|11.2514|1|2024-04-28 00:00:59.137094
4696000|5.6702|1|2024-04-28 00:01:04.247043
4697000|115.1704|1|2024-04-28 00:01:04.247043
4698000|24.1603|1|2024-04-28 00:01:04.247043
4699000|4.7472|1|2024-04-28 00:01:04.247043
4700000|11.2514|1|2024-04-28 00:01:04.247043
4693000|0.0826|1|2024-04-28 00:01:09.409259
4696000|0.0045|1|2024-04-28 00:01:09.409259
4697000|121.4154|1|2024-04-28 00:01:09.409259
4698000|20.6003|1|2024-04-28 00:01:09.409259
4699000|5.0853|1|2024-04-28 00:01:09.409259
4694000|7.3732|1|2024-04-28 00:01:14.535691
4695000|1.2287|1|2024-04-28 00:01:14.535691
4696000|4.899|1|2024-04-28 00:01:14.535691
4697000|129.0284|1|2024-04-28 00:01:14.535691
4698000|9.6001|1|2024-04-28 00:01:14.535691
4694000|7.2853|1|2024-04-28 00:01:19.644365
4695000|1.526|1|2024-04-28 00:01:19.644365
4696000|3.899|1|2024-04-28 00:01:19.644365
4697000|129.0284|1|2024-04-28 00:01:19.644365
4698000|9.6001|1|2024-04-28 00:01:19.644365
4693000|3.7942|1|2024-04-28 00:01:24.778878
4694000|3.56|1|2024-04-28 00:01:24.778878
4695000|1.5304|1|2024-04-28 00:01:24.778878
4696000|3.9014|1|2024-04-28 00:01:24.778878
4697000|130.0284|1|2024-04-28 00:01:24.778878
4693000|3.8154|1|2024-04-28 00:01:29.895904
4694000|4.789|1|2024-04-28 00:01:29.895904
4695000|129.6963|1|2024-04-28 00:01:29.895904
4696000|3.5624|1|2024-04-28 00:01:29.895904
4697000|3.9725|1|2024-04-28 00:01:29.895904
4693000|8.43|1|2024-04-28 00:01:35.022823
4694000|1.229|1|2024-04-28 00:01:35.022823
4695000|132.9176|1|2024-04-28 00:01:35.022823
4696000|0.3407|1|2024-04-28 00:01:35.022823
4697000|3.9725|1|2024-04-28 00:01:35.022823
4692000|7.3542|1|2024-04-28 00:01:40.141707
4693000|1.406|1|2024-04-28 00:01:40.141707
4694000|6.9204|1|2024-04-28 00:01:40.141707
4695000|130.3532|1|2024-04-28 00:01:40.141707
4696000|5.7615|1|2024-04-28 00:01:40.141707
4692000|7.3542|1|2024-04-28 00:01:45.252684
4693000|1.406|1|2024-04-28 00:01:45.252684
4694000|117.9783|1|2024-04-28 00:01:45.252684
4695000|19.2973|1|2024-04-28 00:01:45.252684
4696000|5.7615|1|2024-04-28 00:01:45.252684
4692000|7.3542|1|2024-04-28 00:01:50.364223
4693000|1.406|1|2024-04-28 00:01:50.364223
4694000|117.9783|1|2024-04-28 00:01:50.364223
4695000|19.2973|1|2024-04-28 00:01:50.364223
4696000|5.7615|1|2024-04-28 00:01:50.364223
4692000|11.1088|1|2024-04-28 00:01:55.483382
4693000|0.1057|1|2024-04-28 00:01:55.483382
4694000|117.9783|1|2024-04-28 00:01:55.483382
4695000|18.2973|1|2024-04-28 00:01:55.483382
4696000|5.7615|1|2024-04-28 00:01:55.483382
4692000|7.5488|1|2024-04-28 00:02:00.623044
4693000|3.562|1|2024-04-28 00:02:00.623044
4694000|111.1175|1|2024-04-28 00:02:00.623044
4695000|23.1278|1|2024-04-28 00:02:00.623044
4696000|2.1645|1|2024-04-28 00:02:00.623044
4692000|7.5488|1|2024-04-28 00:02:05.741046
4693000|0.002|1|2024-04-28 00:02:05.741046
4694000|0.0596|1|2024-04-28 00:02:05.741046
4695000|3.56|1|2024-04-28 00:02:05.741046
4696000|112.6258|1|2024-04-28 00:02:05.741046
4692000|7.5488|1|2024-04-28 00:02:10.875283
4693000|0.002|1|2024-04-28 00:02:10.875283
4694000|0.0596|1|2024-04-28 00:02:10.875283
4696000|112.2867|1|2024-04-28 00:02:10.875283
4697000|23.6041|1|2024-04-28 00:02:10.875283
4692000|7.5488|1|2024-04-28 00:02:16.008136
4693000|0.4282|1|2024-04-28 00:02:16.008136
4694000|0.0596|1|2024-04-28 00:02:16.008136
4695000|3.56|1|2024-04-28 00:02:16.008136
4696000|112.2867|1|2024-04-28 00:02:16.008136
4692000|7.5488|1|2024-04-28 00:02:21.134739
4693000|0.4282|1|2024-04-28 00:02:21.134739
4694000|0.0219|1|2024-04-28 00:02:21.134739
4695000|3.56|1|2024-04-28 00:02:21.134739
4696000|0.0024|1|2024-04-28 00:02:21.134739
4692000|7.5488|1|2024-04-28 00:02:26.252463
4693000|0.4282|1|2024-04-28 00:02:26.252463
4694000|0.0219|1|2024-04-28 00:02:26.252463
4695000|3.56|1|2024-04-28 00:02:26.252463
4696000|0.0024|1|2024-04-28 00:02:26.252463
4692000|7.5488|1|2024-04-28 00:02:31.373179
4693000|0.4282|1|2024-04-28 00:02:31.373179
4694000|1.2504|1|2024-04-28 00:02:31.373179
4695000|0.3766|1|2024-04-28 00:02:31.373179
4696000|3.0024|1|2024-04-28 00:02:31.373179
4692000|7.5488|1|2024-04-28 00:02:36.485354
4693000|3.9882|1|2024-04-28 00:02:36.485354
4694000|0.0219|1|2024-04-28 00:02:36.485354
4695000|18.9366|1|2024-04-28 00:02:36.485354
4696000|114.0583|1|2024-04-28 00:02:36.485354
4692000|9.2818|1|2024-04-28 00:02:41.623952
4693000|3.9882|1|2024-04-28 00:02:41.623952
4694000|1.9379|1|2024-04-28 00:02:41.623952
4695000|20.1655|1|2024-04-28 00:02:41.623952
4696000|114.0583|1|2024-04-28 00:02:41.623952
4692000|9.1562|1|2024-04-28 00:02:46.736730
4693000|0.4282|1|2024-04-28 00:02:46.736730
4694000|1.9379|1|2024-04-28 00:02:46.736730
4695000|131.2211|1|2024-04-28 00:02:46.736730
4696000|4.0024|1|2024-04-28 00:02:46.736730
4692000|8.9704|1|2024-04-28 00:02:51.874104
4693000|0.4282|1|2024-04-28 00:02:51.874104
4694000|1.9379|1|2024-04-28 00:02:51.874104
4695000|129.6536|1|2024-04-28 00:02:51.874104
4696000|4.0024|1|2024-04-28 00:02:51.874104
4692000|8.6903|1|2024-04-28 00:02:57.008460
4693000|3.9882|1|2024-04-28 00:02:57.008460
4694000|4.9379|1|2024-04-28 00:02:57.008460
4695000|129.6536|1|2024-04-28 00:02:57.008460
4696000|5.2314|1|2024-04-28 00:02:57.008460
4692000|8.6045|1|2024-04-28 00:03:02.153554
4693000|3.9882|1|2024-04-28 00:03:02.153554
4694000|4.9379|1|2024-04-28 00:03:02.153554
4695000|129.9922|1|2024-04-28 00:03:02.153554
4696000|5.2315|1|2024-04-28 00:03:02.153554
4692000|12.1645|1|2024-04-28 00:03:07.332760
4693000|0.4282|1|2024-04-28 00:03:07.332760
4694000|115.9938|1|2024-04-28 00:03:07.332760
4695000|19.9361|1|2024-04-28 00:03:07.332760
4696000|5.2315|1|2024-04-28 00:03:07.332760
4692000|12.1645|1|2024-04-28 00:03:12.498398
4693000|0.4282|1|2024-04-28 00:03:12.498398
4694000|116.3324|1|2024-04-28 00:03:12.498398
4695000|19.5977|1|2024-04-28 00:03:12.498398
4696000|5.2315|1|2024-04-28 00:03:12.498398
4692000|2.9565|1|2024-04-28 00:03:17.615714
4693000|1.4671|1|2024-04-28 00:03:17.615714
4694000|4.7549|1|2024-04-28 00:03:17.615714
4695000|130.6536|1|2024-04-28 00:03:17.615714
4696000|6.2568|1|2024-04-28 00:03:17.615714
4692000|2.9565|1|2024-04-28 00:03:22.722726
4693000|3.9882|1|2024-04-28 00:03:22.722726
4694000|3.0219|1|2024-04-28 00:03:22.722726
4695000|130.9924|1|2024-04-28 00:03:22.722726
4696000|4.0024|1|2024-04-28 00:03:22.722726
4692000|2.9565|1|2024-04-28 00:03:27.832974
4693000|3.9882|1|2024-04-28 00:03:27.832974
4694000|3.0219|1|2024-04-28 00:03:27.832974
4695000|130.9924|1|2024-04-28 00:03:27.832974
4696000|5.9184|1|2024-04-28 00:03:27.832974
4692000|2.9565|1|2024-04-28 00:03:32.941334
4693000|3.9882|1|2024-04-28 00:03:32.941334
4694000|3.0219|1|2024-04-28 00:03:32.941334
4695000|130.9924|1|2024-04-28 00:03:32.941334
4696000|4.0024|1|2024-04-28 00:03:32.941334
4692000|2.9565|1|2024-04-28 00:03:38.046133
4693000|3.9882|1|2024-04-28 00:03:38.046133
4694000|3.0219|1|2024-04-28 00:03:38.046133
4695000|130.6536|1|2024-04-28 00:03:38.046133
4696000|5.2316|1|2024-04-28 00:03:38.046133
4692000|6.4117|1|2024-04-28 00:03:43.154959
4693000|0.4282|1|2024-04-28 00:03:43.154959
4694000|117.6378|1|2024-04-28 00:03:43.154959
4695000|16.3765|1|2024-04-28 00:03:43.154959
4696000|5.7354|1|2024-04-28 00:03:43.154959
4691000|3.496|1|2024-04-28 00:03:48.301590
4692000|5.8517|1|2024-04-28 00:03:48.301590
4693000|3.9882|1|2024-04-28 00:03:48.301590
4694000|114.4163|1|2024-04-28 00:03:48.301590
4695000|22.5972|1|2024-04-28 00:03:48.301590
4692000|2.8517|1|2024-04-28 00:03:53.421046
4693000|3.9882|1|2024-04-28 00:03:53.421046
4694000|114.0778|1|2024-04-28 00:03:53.421046
4695000|19.5977|1|2024-04-28 00:03:53.421046
4696000|4.3411|1|2024-04-28 00:03:53.421046
4691000|0.0311|1|2024-04-28 00:03:58.566591
4692000|2.8517|1|2024-04-28 00:03:58.566591
4693000|3.9882|1|2024-04-28 00:03:58.566591
4694000|114.0778|1|2024-04-28 00:03:58.566591
4695000|19.9366|1|2024-04-28 00:03:58.566591
4691000|0.0311|1|2024-04-28 00:04:03.727565
4692000|2.8517|1|2024-04-28 00:04:03.727565
4693000|5.7212|1|2024-04-28 00:04:03.727565
4694000|114.0778|1|2024-04-28 00:04:03.727565
4695000|21.8526|1|2024-04-28 00:04:03.727565
4691000|0.0311|1|2024-04-28 00:04:08.838099
4692000|2.8517|1|2024-04-28 00:04:08.838099
4693000|3.9882|1|2024-04-28 00:04:08.838099
4694000|114.0778|1|2024-04-28 00:04:08.838099
4695000|19.5977|1|2024-04-28 00:04:08.838099
4691000|0.0311|1|2024-04-28 00:04:13.951119
4692000|2.8517|1|2024-04-28 00:04:13.951119
4693000|0.4282|1|2024-04-28 00:04:13.951119
4694000|117.6378|1|2024-04-28 00:04:13.951119
4695000|18.5977|1|2024-04-28 00:04:13.951119
4691000|0.0311|1|2024-04-28 00:04:19.086303
4692000|2.8517|1|2024-04-28 00:04:19.086303
4693000|0.4282|1|2024-04-28 00:04:19.086303
4694000|117.6378|1|2024-04-28 00:04:19.086303
4695000|18.5977|1|2024-04-28 00:04:19.086303
4691000|0.0311|1|2024-04-28 00:04:24.202307
4692000|2.8517|1|2024-04-28 00:04:24.202307
4693000|3.9882|1|2024-04-28 00:04:24.202307
4694000|114.0778|1|2024-04-28 00:04:24.202307
4695000|3.5977|1|2024-04-28 00:04:24.202307
4691000|2.3311|1|2024-04-28 00:04:29.331840
4692000|2.8517|1|2024-04-28 00:04:29.331840
4693000|0.4282|1|2024-04-28 00:04:29.331840
4694000|0.0219|1|2024-04-28 00:04:29.331840
4695000|3.5977|1|2024-04-28 00:04:29.331840
4691000|2.3311|1|2024-04-28 00:04:34.475426
4692000|2.8517|1|2024-04-28 00:04:34.475426
4693000|0.4282|1|2024-04-28 00:04:34.475426
4694000|3.5819|1|2024-04-28 00:04:34.475426
4695000|0.0377|1|2024-04-28 00:04:34.475426
4691000|2.3034|1|2024-04-28 00:04:39.599694
4692000|2.8517|1|2024-04-28 00:04:39.599694
4693000|0.4282|1|2024-04-28 00:04:39.599694
4694000|3.5819|1|2024-04-28 00:04:39.599694
4695000|0.0377|1|2024-04-28 00:04:39.599694
4691000|2.2696|1|2024-04-28 00:04:44.710967
4692000|2.8517|1|2024-04-28 00:04:44.710967
4693000|0.4282|1|2024-04-28 00:04:44.710967
4694000|3.5819|1|2024-04-28 00:04:44.710967
4695000|0.0377|1|2024-04-28 00:04:44.710967
4691000|2.2482|1|2024-04-28 00:04:49.856139
4692000|2.8517|1|2024-04-28 00:04:49.856139
4693000|0.4282|1|2024-04-28 00:04:49.856139
4694000|0.0219|1|2024-04-28 00:04:49.856139
4695000|1.1211|1|2024-04-28 00:04:49.856139
4691000|2.2269|1|2024-04-28 00:04:54.980113
4692000|2.8517|1|2024-04-28 00:04:54.980113
4693000|0.4282|1|2024-04-28 00:04:54.980113
4694000|3.5819|1|2024-04-28 00:04:54.980113
4695000|0.0377|1|2024-04-28 00:04:54.980113
4691000|0.8248|1|2024-04-28 00:05:00.128165
4692000|2.8517|1|2024-04-28 00:05:00.128165
4693000|4.6893|1|2024-04-28 00:05:00.128165
4694000|15.0219|1|2024-04-28 00:05:00.128165
4695000|117.6536|1|2024-04-28 00:05:00.128165
4689000|0.4448|1|2024-04-28 00:05:05.244903
4691000|1.529|1|2024-04-28 00:05:05.244903
4692000|2.8894|1|2024-04-28 00:05:05.244903
4693000|3.9882|1|2024-04-28 00:05:05.244903
4694000|18.5819|1|2024-04-28 00:05:05.244903
4689000|0.4041|1|2024-04-28 00:05:10.409679
4691000|0.8248|1|2024-04-28 00:05:10.409679
4692000|3.6029|1|2024-04-28 00:05:10.409679
4693000|3.9882|1|2024-04-28 00:05:10.409679
4694000|18.5819|1|2024-04-28 00:05:10.409679
4689000|0.4041|1|2024-04-28 00:05:15.593573
4691000|0.8248|1|2024-04-28 00:05:15.593573
4692000|2.8894|1|2024-04-28 00:05:15.593573
4693000|4.7014|1|2024-04-28 00:05:15.593573
4694000|126.0778|1|2024-04-28 00:05:15.593573
4689000|0.3973|1|2024-04-28 00:05:20.725498
4691000|0.8248|1|2024-04-28 00:05:20.725498
4692000|7.1653|1|2024-04-28 00:05:20.725498
4693000|0.4282|1|2024-04-28 00:05:20.725498
4694000|129.6378|1|2024-04-28 00:05:20.725498
4689000|0.3973|1|2024-04-28 00:05:25.847030
4691000|0.8248|1|2024-04-28 00:05:25.847030
4692000|3.6053|1|2024-04-28 00:05:25.847030
4693000|111.4841|1|2024-04-28 00:05:25.847030
4694000|22.1419|1|2024-04-28 00:05:25.847030
4689000|0.3973|1|2024-04-28 00:05:30.956052
4691000|4.8924|1|2024-04-28 00:05:30.956052
4692000|2.8894|1|2024-04-28 00:05:30.956052
4693000|114.4841|1|2024-04-28 00:05:30.956052
4694000|18.5819|1|2024-04-28 00:05:30.956052
4689000|0.2526|1|2024-04-28 00:05:36.085806
4690000|3.56|1|2024-04-28 00:05:36.085806
4691000|1.3324|1|2024-04-28 00:05:36.085806
4692000|21.4494|1|2024-04-28 00:05:36.085806
4693000|114.4841|1|2024-04-28 00:05:36.085806
4689000|0.2526|1|2024-04-28 00:05:41.219482
4690000|3.56|1|2024-04-28 00:05:41.219482
4691000|0.5076|1|2024-04-28 00:05:41.219482
4692000|134.2383|1|2024-04-28 00:05:41.219482
4693000|3.4282|1|2024-04-28 00:05:41.219482
4689000|0.2504|1|2024-04-28 00:05:46.358965
4690000|3.56|1|2024-04-28 00:05:46.358965
4691000|0.5076|1|2024-04-28 00:05:46.358965
4692000|134.2383|1|2024-04-28 00:05:46.358965
4693000|3.4282|1|2024-04-28 00:05:46.358965
4689000|0.2504|1|2024-04-28 00:05:51.500264
4690000|3.56|1|2024-04-28 00:05:51.500264
4691000|0.5076|1|2024-04-28 00:05:51.500264
4692000|119.2383|1|2024-04-28 00:05:51.500264
4693000|3.4282|1|2024-04-28 00:05:51.500264
4689000|0.2474|1|2024-04-28 00:05:56.710483
4691000|4.0676|1|2024-04-28 00:05:56.710483
4692000|117.5053|1|2024-04-28 00:05:56.710483
4693000|3.4282|1|2024-04-28 00:05:56.710483
4694000|17.9379|1|2024-04-28 00:05:56.710483
4689000|0.2389|1|2024-04-28 00:06:01.824643
4691000|4.0676|1|2024-04-28 00:06:01.824643
4692000|119.2383|1|2024-04-28 00:06:01.824643
4693000|3.4282|1|2024-04-28 00:06:01.824643
4694000|16.0219|1|2024-04-28 00:06:01.824643
4689000|0.2389|1|2024-04-28 00:06:06.966640
4691000|4.0676|1|2024-04-28 00:06:06.966640
4692000|117.5053|1|2024-04-28 00:06:06.966640
4693000|3.4282|1|2024-04-28 00:06:06.966640
4694000|16.0219|1|2024-04-28 00:06:06.966640
4689000|0.1702|1|2024-04-28 00:06:12.110402
4692000|2.8894|1|2024-04-28 00:06:12.110402
4693000|3.4282|1|2024-04-28 00:06:12.110402
4694000|18.5819|1|2024-04-28 00:06:12.110402
4695000|4.4385|1|2024-04-28 00:06:12.110402
4689000|0.0553|1|2024-04-28 00:06:17.235868
4692000|2.8517|1|2024-04-28 00:06:17.235868
4693000|3.9882|1|2024-04-28 00:06:17.235868
4694000|111.0778|1|2024-04-28 00:06:17.235868
4695000|21.9985|1|2024-04-28 00:06:17.235868
4689000|0.0553|1|2024-04-28 00:06:22.352451
4692000|2.8517|1|2024-04-28 00:06:22.352451
4693000|3.9882|1|2024-04-28 00:06:22.352451
4694000|111.0778|1|2024-04-28 00:06:22.352451
4695000|21.9985|1|2024-04-28 00:06:22.352451
4692000|2.8517|1|2024-04-28 00:06:27.479117
4693000|3.9882|1|2024-04-28 00:06:27.479117
4694000|114.1155|1|2024-04-28 00:06:27.479117
4695000|21.56|1|2024-04-28 00:06:27.479117
4696000|4.4534|1|2024-04-28 00:06:27.479117
4689000|0.5852|1|2024-04-28 00:06:32.590094
4692000|6.4117|1|2024-04-28 00:06:32.590094
4693000|0.4282|1|2024-04-28 00:06:32.590094
4694000|117.6755|1|2024-04-28 00:06:32.590094
4695000|18.0|1|2024-04-28 00:06:32.590094
4689000|1.5799|1|2024-04-28 00:06:37.746284
4692000|2.8517|1|2024-04-28 00:06:37.746284
4693000|3.9882|1|2024-04-28 00:06:37.746284
4694000|117.6755|1|2024-04-28 00:06:37.746284
4695000|18.0|1|2024-04-28 00:06:37.746284
4689000|1.1159|1|2024-04-28 00:06:42.859823
4692000|2.8517|1|2024-04-28 00:06:42.859823
4693000|3.9882|1|2024-04-28 00:06:42.859823
4694000|117.6755|1|2024-04-28 00:06:42.859823
4695000|18.0|1|2024-04-28 00:06:42.859823
4689000|0.6349|1|2024-04-28 00:06:47.972723
4692000|2.8517|1|2024-04-28 00:06:47.972723
4693000|3.9882|1|2024-04-28 00:06:47.972723
4694000|117.6755|1|2024-04-28 00:06:47.972723
4695000|18.0|1|2024-04-28 00:06:47.972723
4689000|0.6349|1|2024-04-28 00:06:53.104471
4692000|2.8517|1|2024-04-28 00:06:53.104471
4693000|3.9882|1|2024-04-28 00:06:53.104471
4694000|117.6755|1|2024-04-28 00:06:53.104471
4695000|18.0|1|2024-04-28 00:06:53.104471
4689000|0.6042|1|2024-04-28 00:06:58.217905
4692000|2.8517|1|2024-04-28 00:06:58.217905
4693000|3.9882|1|2024-04-28 00:06:58.217905
4694000|114.1155|1|2024-04-28 00:06:58.217905
4695000|18.0|1|2024-04-28 00:06:58.217905
4689000|0.6042|1|2024-04-28 00:07:03.373927
4692000|2.8517|1|2024-04-28 00:07:03.373927
4693000|3.9882|1|2024-04-28 00:07:03.373927
4694000|111.1155|1|2024-04-28 00:07:03.373927
4695000|18.0|1|2024-04-28 00:07:03.373927
4689000|0.6042|1|2024-04-28 00:07:08.518504
4692000|2.8517|1|2024-04-28 00:07:08.518504
4693000|3.9882|1|2024-04-28 00:07:08.518504
4694000|111.1155|1|2024-04-28 00:07:08.518504
4695000|18.0|1|2024-04-28 00:07:08.518504
4689000|0.6042|1|2024-04-28 00:07:13.660350
4692000|2.8517|1|2024-04-28 00:07:13.660350
4693000|0.7011|1|2024-04-28 00:07:13.660350
4694000|111.1255|1|2024-04-28 00:07:13.660350
4695000|18.0|1|2024-04-28 00:07:13.660350
4692000|2.8517|1|2024-04-28 00:07:18.772981
4693000|0.4282|1|2024-04-28 00:07:18.772981
4694000|0.0696|1|2024-04-28 00:07:18.772981
4695000|18.56|1|2024-04-28 00:07:18.772981
4696000|114.0583|1|2024-04-28 00:07:18.772981
4692000|2.7943|1|2024-04-28 00:07:23.896322
4693000|0.4282|1|2024-04-28 00:07:23.896322
4694000|3.9013|1|2024-04-28 00:07:23.896322
4695000|15.0|1|2024-04-28 00:07:23.896322
4696000|114.0583|1|2024-04-28 00:07:23.896322
4692000|2.7943|1|2024-04-28 00:07:29.051637
4693000|0.4282|1|2024-04-28 00:07:29.051637
4694000|3.9013|1|2024-04-28 00:07:29.051637
4695000|15.0|1|2024-04-28 00:07:29.051637
4696000|114.0583|1|2024-04-28 00:07:29.051637
4692000|2.5823|1|2024-04-28 00:07:34.168687
4693000|0.4282|1|2024-04-28 00:07:34.168687
4694000|3.9013|1|2024-04-28 00:07:34.168687
4695000|126.0559|1|2024-04-28 00:07:34.168687
4696000|8.2954|1|2024-04-28 00:07:34.168687
4692000|2.5823|1|2024-04-28 00:07:39.275237
4693000|0.4282|1|2024-04-28 00:07:39.275237
4694000|0.0319|1|2024-04-28 00:07:39.275237
4695000|129.0559|1|2024-04-28 00:07:39.275237
4696000|4.7354|1|2024-04-28 00:07:39.275237
4692000|2.5823|1|2024-04-28 00:07:44.384446
4693000|0.4282|1|2024-04-28 00:07:44.384446
4694000|3.6296|1|2024-04-28 00:07:44.384446
4695000|129.0559|1|2024-04-28 00:07:44.384446
4696000|8.2954|1|2024-04-28 00:07:44.384446
4692000|6.1423|1|2024-04-28 00:07:49.490291
4693000|15.4282|1|2024-04-28 00:07:49.490291
4694000|114.6855|1|2024-04-28 00:07:49.490291
4695000|3.0|1|2024-04-28 00:07:49.490291
4696000|11.4039|1|2024-04-28 00:07:49.490291
4692000|9.0303|1|2024-04-28 00:07:54.602964
4693000|15.4282|1|2024-04-28 00:07:54.602964
4694000|115.6855|1|2024-04-28 00:07:54.602964
4695000|3.0|1|2024-04-28 00:07:54.602964
4696000|11.4042|1|2024-04-28 00:07:54.602964
4691000|3.5223|1|2024-04-28 00:07:59.723699
4692000|5.4703|1|2024-04-28 00:07:59.723699
4693000|18.9882|1|2024-04-28 00:07:59.723699
4694000|112.1255|1|2024-04-28 00:07:59.723699
4695000|4.733|1|2024-04-28 00:07:59.723699
4692000|2.4703|1|2024-04-28 00:08:04.897562
4693000|111.4841|1|2024-04-28 00:08:04.897562
4694000|0.0696|1|2024-04-28 00:08:04.897562
4695000|19.733|1|2024-04-28 00:08:04.897562
4696000|9.3324|1|2024-04-28 00:08:04.897562
4692000|6.1324|1|2024-04-28 00:08:10.054707
4693000|111.4841|1|2024-04-28 00:08:10.054707
4694000|3.6296|1|2024-04-28 00:08:10.054707
4695000|19.733|1|2024-04-28 00:08:10.054707
4696000|9.3324|1|2024-04-28 00:08:10.054707
4692000|6.1251|1|2024-04-28 00:08:15.235078
4693000|111.4841|1|2024-04-28 00:08:15.235078
4694000|3.6296|1|2024-04-28 00:08:15.235078
4695000|19.733|1|2024-04-28 00:08:15.235078
4696000|9.3324|1|2024-04-28 00:08:15.235078
4692000|6.1251|1|2024-04-28 00:08:20.374512
4693000|111.4841|1|2024-04-28 00:08:20.374512
4694000|3.6296|1|2024-04-28 00:08:20.374512
4695000|19.733|1|2024-04-28 00:08:20.374512
4696000|9.3324|1|2024-04-28 00:08:20.374512
4692000|6.1251|1|2024-04-28 00:08:25.547955
4693000|111.4841|1|2024-04-28 00:08:25.547955
4694000|3.6296|1|2024-04-28 00:08:25.547955
4695000|18.0|1|2024-04-28 00:08:25.547955
4696000|9.3324|1|2024-04-28 00:08:25.547955
4692000|6.1251|1|2024-04-28 00:08:30.684042
4693000|111.4841|1|2024-04-28 00:08:30.684042
4694000|3.6296|1|2024-04-28 00:08:30.684042
4695000|19.733|1|2024-04-28 00:08:30.684042
4696000|9.3324|1|2024-04-28 00:08:30.684042
4692000|6.1251|1|2024-04-28 00:08:35.844813
4693000|111.4841|1|2024-04-28 00:08:35.844813
4694000|3.6296|1|2024-04-28 00:08:35.844813
4695000|18.0|1|2024-04-28 00:08:35.844813
4696000|9.3324|1|2024-04-28 00:08:35.844813
4692000|6.0814|1|2024-04-28 00:08:40.957307
4693000|111.4841|1|2024-04-28 00:08:40.957307
4694000|3.6296|1|2024-04-28 00:08:40.957307
4695000|18.0|1|2024-04-28 00:08:40.957307
4696000|9.3324|1|2024-04-28 00:08:40.957307
4692000|6.0814|1|2024-04-28 00:08:46.076684
4693000|111.4841|1|2024-04-28 00:08:46.076684
4694000|3.6296|1|2024-04-28 00:08:46.076684
4695000|19.733|1|2024-04-28 00:08:46.076684
4696000|9.3324|1|2024-04-28 00:08:46.076684
4692000|2.5962|1|2024-04-28 00:08:51.199186
4693000|115.0441|1|2024-04-28 00:08:51.199186
4694000|0.0696|1|2024-04-28 00:08:51.199186
4695000|23.293|1|2024-04-28 00:08:51.199186
4696000|4.0024|1|2024-04-28 00:08:51.199186
4692000|2.6186|1|2024-04-28 00:08:56.311967
4693000|3.9882|1|2024-04-28 00:08:56.311967
4694000|0.0696|1|2024-04-28 00:08:56.311967
4695000|132.6159|1|2024-04-28 00:08:56.311967
4696000|4.0024|1|2024-04-28 00:08:56.311967
4692000|2.6186|1|2024-04-28 00:09:01.417502
4693000|0.4282|1|2024-04-28 00:09:01.417502
4694000|3.6296|1|2024-04-28 00:09:01.417502
4695000|114.0559|1|2024-04-28 00:09:01.417502
4696000|20.7354|1|2024-04-28 00:09:01.417502
4692000|3.7148|1|2024-04-28 00:09:06.540583
4693000|0.4282|1|2024-04-28 00:09:06.540583
4694000|3.6296|1|2024-04-28 00:09:06.540583
4695000|114.0559|1|2024-04-28 00:09:06.540583
4696000|19.7354|1|2024-04-28 00:09:06.540583
4692000|3.6838|1|2024-04-28 00:09:11.663324
4693000|0.4282|1|2024-04-28 00:09:11.663324
4694000|4.6296|1|2024-04-28 00:09:11.663324
4695000|114.0559|1|2024-04-28 00:09:11.663324
4696000|19.7354|1|2024-04-28 00:09:11.663324
4692000|3.6838|1|2024-04-28 00:09:16.769318
4693000|0.4282|1|2024-04-28 00:09:16.769318
4694000|4.6296|1|2024-04-28 00:09:16.769318
4695000|114.0559|1|2024-04-28 00:09:16.769318
4696000|18.0024|1|2024-04-28 00:09:16.769318
4692000|3.6838|1|2024-04-28 00:09:21.882231
4693000|0.4282|1|2024-04-28 00:09:21.882231
4694000|4.6296|1|2024-04-28 00:09:21.882231
4695000|114.0559|1|2024-04-28 00:09:21.882231
4696000|19.7354|1|2024-04-28 00:09:21.882231
4692000|3.6838|1|2024-04-28 00:09:26.992792
4693000|0.4282|1|2024-04-28 00:09:26.992792
4694000|4.6296|1|2024-04-28 00:09:26.992792
4695000|114.0559|1|2024-04-28 00:09:26.992792
4696000|19.7354|1|2024-04-28 00:09:26.992792
4692000|3.6625|1|2024-04-28 00:09:32.110218
4693000|0.4282|1|2024-04-28 00:09:32.110218
4694000|1.4469|1|2024-04-28 00:09:32.110218
4695000|117.6159|1|2024-04-28 00:09:32.110218
4696000|23.2954|1|2024-04-28 00:09:32.110218
4692000|3.6412|1|2024-04-28 00:09:37.214955
4693000|0.4282|1|2024-04-28 00:09:37.214955
4694000|5.0069|1|2024-04-28 00:09:37.214955
4695000|114.0559|1|2024-04-28 00:09:37.214955
4696000|23.2954|1|2024-04-28 00:09:37.214955
4692000|2.1301|1|2024-04-28 00:09:42.329686
4693000|0.4282|1|2024-04-28 00:09:42.329686
4694000|5.9692|1|2024-04-28 00:09:42.329686
4695000|114.0936|1|2024-04-28 00:09:42.329686
4696000|23.2954|1|2024-04-28 00:09:42.329686
4692000|2.1412|1|2024-04-28 00:09:47.476554
4693000|0.4282|1|2024-04-28 00:09:47.476554
4694000|5.9692|1|2024-04-28 00:09:47.476554
4695000|114.0936|1|2024-04-28 00:09:47.476554
4696000|23.2954|1|2024-04-28 00:09:47.476554
4692000|2.1412|1|2024-04-28 00:09:52.593008
4693000|0.4282|1|2024-04-28 00:09:52.593008
4694000|5.9692|1|2024-04-28 00:09:52.593008
4695000|114.0936|1|2024-04-28 00:09:52.593008
4696000|23.2954|1|2024-04-28 00:09:52.593008
4692000|2.1412|1|2024-04-28 00:09:57.709469
4693000|0.4282|1|2024-04-28 00:09:57.709469
4694000|5.9692|1|2024-04-28 00:09:57.709469
4695000|114.0936|1|2024-04-28 00:09:57.709469
4696000|21.5624|1|2024-04-28 00:09:57.709469
4692000|2.1199|1|2024-04-28 00:10:02.830579
4693000|0.4282|1|2024-04-28 00:10:02.830579
4694000|7.7022|1|2024-04-28 00:10:02.830579
4695000|114.0936|1|2024-04-28 00:10:02.830579
4696000|23.4784|1|2024-04-28 00:10:02.830579
4692000|2.0986|1|2024-04-28 00:10:07.966824
4693000|1.9339|1|2024-04-28 00:10:07.966824
4694000|5.5919|1|2024-04-28 00:10:07.966824
4695000|114.0936|1|2024-04-28 00:10:07.966824
4696000|21.5624|1|2024-04-28 00:10:07.966824
4692000|1.8855|1|2024-04-28 00:10:13.081512
4693000|1.9339|1|2024-04-28 00:10:13.081512
4694000|5.5919|1|2024-04-28 00:10:13.081512
4695000|115.8773|1|2024-04-28 00:10:13.081512
4696000|21.5624|1|2024-04-28 00:10:13.081512
4692000|2.1734|1|2024-04-28 00:10:18.189936
4693000|1.9339|1|2024-04-28 00:10:18.189936
4694000|5.5919|1|2024-04-28 00:10:18.189936
4695000|115.8773|1|2024-04-28 00:10:18.189936
4696000|21.5624|1|2024-04-28 00:10:18.189936
4692000|2.6162|1|2024-04-28 00:10:24.084351
4693000|1.9339|1|2024-04-28 00:10:24.084351
4694000|4.5919|1|2024-04-28 00:10:24.084351
4695000|115.8773|1|2024-04-28 00:10:24.084351
4696000|21.5624|1|2024-04-28 00:10:24.084351
4692000|2.6162|1|2024-04-28 00:10:29.557833
4693000|1.9339|1|2024-04-28 00:10:29.557833
4694000|4.5919|1|2024-04-28 00:10:29.557833
4695000|115.8773|1|2024-04-28 00:10:29.557833
4696000|21.5624|1|2024-04-28 00:10:29.557833
4692000|2.6162|1|2024-04-28 00:10:34.840918
4693000|1.9339|1|2024-04-28 00:10:34.840918
4694000|4.5919|1|2024-04-28 00:10:34.840918
4695000|115.8773|1|2024-04-28 00:10:34.840918
4696000|21.5624|1|2024-04-28 00:10:34.840918
4692000|2.6162|1|2024-04-28 00:10:40.038349
4693000|1.9339|1|2024-04-28 00:10:40.038349
4694000|115.6478|1|2024-04-28 00:10:40.038349
4695000|10.6105|1|2024-04-28 00:10:40.038349
4696000|19.3412|1|2024-04-28 00:10:40.038349
4692000|6.1762|1|2024-04-28 00:10:45.233956
4693000|0.4282|1|2024-04-28 00:10:45.233956
4694000|130.6478|1|2024-04-28 00:10:45.233956
4695000|5.8214|1|2024-04-28 00:10:45.233956
4696000|4.3412|1|2024-04-28 00:10:45.233956
4692000|7.2276|1|2024-04-28 00:10:50.406254
4693000|0.4282|1|2024-04-28 00:10:50.406254
4694000|133.6101|1|2024-04-28 00:10:50.406254
4695000|4.0884|1|2024-04-28 00:10:50.406254
4696000|6.2572|1|2024-04-28 00:10:50.406254
4690000|3.56|1|2024-04-28 00:10:55.585285
4691000|5.7198|1|2024-04-28 00:10:55.585285
4692000|118.56|1|2024-04-28 00:10:55.585285
4693000|4.4282|1|2024-04-28 00:10:55.585285
4694000|23.6168|1|2024-04-28 00:10:55.585285
4691000|5.0501|1|2024-04-28 00:11:00.740727
4692000|118.5223|1|2024-04-28 00:11:00.740727
4693000|4.4282|1|2024-04-28 00:11:00.740727
4694000|23.6168|1|2024-04-28 00:11:00.740727
4695000|4.47|1|2024-04-28 00:11:00.740727
4690000|3.5589|1|2024-04-28 00:11:05.922072
4691000|2.7198|1|2024-04-28 00:11:05.922072
4692000|121.5223|1|2024-04-28 00:11:05.922072
4693000|4.4659|1|2024-04-28 00:11:05.922072
4694000|23.617|1|2024-04-28 00:11:05.922072
4687000|0.029|1|2024-04-28 00:11:11.114316
4689000|9.1441|1|2024-04-28 00:11:11.114316
4690000|116.3489|1|2024-04-28 00:11:11.114316
4691000|19.0|1|2024-04-28 00:11:11.114316
4692000|8.4283|1|2024-04-28 00:11:11.114316
4688000|3.7878|1|2024-04-28 00:11:16.295967
4689000|5.5841|1|2024-04-28 00:11:16.295967
4690000|116.3489|1|2024-04-28 00:11:16.295967
4691000|19.34|1|2024-04-28 00:11:16.295967
4692000|13.4194|1|2024-04-28 00:11:16.295967
4688000|3.7878|1|2024-04-28 00:11:21.441051
4689000|5.5841|1|2024-04-28 00:11:21.441051
4690000|114.6159|1|2024-04-28 00:11:21.441051
4691000|20.9171|1|2024-04-28 00:11:21.441051
4692000|11.8421|1|2024-04-28 00:11:21.441051
4688000|3.7878|1|2024-04-28 00:11:26.607548
4689000|116.64|1|2024-04-28 00:11:26.607548
4690000|5.293|1|2024-04-28 00:11:26.607548
4691000|19.0011|1|2024-04-28 00:11:26.607548
4692000|13.7581|1|2024-04-28 00:11:26.607548
4685000|0.3167|1|2024-04-28 00:11:31.735562
4688000|5.2823|1|2024-04-28 00:11:31.735562
4689000|115.2863|1|2024-04-28 00:11:31.735562
4690000|5.293|1|2024-04-28 00:11:31.735562
4691000|19.4295|1|2024-04-28 00:11:31.735562
4685000|0.4234|1|2024-04-28 00:11:36.858440
4687000|3.56|1|2024-04-28 00:11:36.858440
4688000|3.0473|1|2024-04-28 00:11:36.858440
4689000|114.0559|1|2024-04-28 00:11:36.858440
4690000|5.293|1|2024-04-28 00:11:36.858440
4685000|0.4234|1|2024-04-28 00:11:42.006003
4686000|1.733|1|2024-04-28 00:11:42.006003
4687000|5.0503|1|2024-04-28 00:11:42.006003
4688000|7.033|1|2024-04-28 00:11:42.006003
4689000|114.0559|1|2024-04-28 00:11:42.006003
4685000|0.3167|1|2024-04-28 00:11:47.128186
4687000|5.0503|1|2024-04-28 00:11:47.128186
4688000|5.117|1|2024-04-28 00:11:47.128186
4689000|114.0559|1|2024-04-28 00:11:47.128186
4690000|2.733|1|2024-04-28 00:11:47.128186
4685000|0.3167|1|2024-04-28 00:11:52.264884
4687000|5.0503|1|2024-04-28 00:11:52.264884
4688000|3.8865|1|2024-04-28 00:11:52.264884
4689000|115.2864|1|2024-04-28 00:11:52.264884
4690000|1.0|1|2024-04-28 00:11:52.264884
4685000|0.3167|1|2024-04-28 00:11:57.393161
4687000|8.0503|1|2024-04-28 00:11:57.393161
4688000|4.7755|1|2024-04-28 00:11:57.393161
4689000|129.0559|1|2024-04-28 00:11:57.393161
4690000|1.0|1|2024-04-28 00:11:57.393161
4685000|0.3167|1|2024-04-28 00:12:02.522711
4686000|3.56|1|2024-04-28 00:12:02.522711
4687000|4.4903|1|2024-04-28 00:12:02.522711
4688000|4.7755|1|2024-04-28 00:12:02.522711
4689000|129.0559|1|2024-04-28 00:12:02.522711
4685000|0.2771|1|2024-04-28 00:12:07.706905
4686000|5.4405|1|2024-04-28 00:12:07.706905
4687000|7.56|1|2024-04-28 00:12:07.706905
4688000|3.8865|1|2024-04-28 00:12:07.706905
4689000|135.7251|1|2024-04-28 00:12:07.706905
4685000|3.8371|1|2024-04-28 00:12:12.888286
4686000|3.0|1|2024-04-28 00:12:12.888286
4687000|4.0|1|2024-04-28 00:12:12.888286
4688000|3.8865|1|2024-04-28 00:12:12.888286
4689000|135.3859|1|2024-04-28 00:12:12.888286
4685000|0.2771|1|2024-04-28 00:12:18.040354
4687000|3.0|1|2024-04-28 00:12:18.040354
4688000|116.173|1|2024-04-28 00:12:18.040354
4689000|19.0|1|2024-04-28 00:12:18.040354
4690000|7.56|1|2024-04-28 00:12:18.040354
4685000|0.2771|1|2024-04-28 00:12:23.150900
4688000|3.8865|1|2024-04-28 00:12:23.150900
4689000|4.2589|1|2024-04-28 00:12:23.150900
4690000|134.8463|1|2024-04-28 00:12:23.150900
4691000|4.7685|1|2024-04-28 00:12:23.150900
4688000|0.3265|1|2024-04-28 00:12:28.325153
4689000|3.56|1|2024-04-28 00:12:28.325153
4690000|114.0559|1|2024-04-28 00:12:28.325153
4691000|3.0011|1|2024-04-28 00:12:28.325153
4692000|25.9634|1|2024-04-28 00:12:28.325153
4688000|0.3265|1|2024-04-28 00:12:33.484631
4691000|4.26|1|2024-04-28 00:12:33.484631
4692000|134.7893|1|2024-04-28 00:12:33.484631
4693000|8.1786|1|2024-04-28 00:12:33.484631
4694000|2.9749|1|2024-04-28 00:12:33.484631
4688000|0.3265|1|2024-04-28 00:12:38.633659
4690000|3.56|1|2024-04-28 00:12:38.633659
4691000|3.0011|1|2024-04-28 00:12:38.633659
4692000|134.7893|1|2024-04-28 00:12:38.633659
4693000|6.4456|1|2024-04-28 00:12:38.633659
4688000|0.3265|1|2024-04-28 00:12:43.783527
4690000|3.56|1|2024-04-28 00:12:43.783527
4691000|1.4914|1|2024-04-28 00:12:43.783527
4692000|119.7893|1|2024-04-28 00:12:43.783527
4693000|21.9489|1|2024-04-28 00:12:43.783527
4688000|0.3265|1|2024-04-28 00:12:48.936928
4690000|3.56|1|2024-04-28 00:12:48.936928
4691000|1.4914|1|2024-04-28 00:12:48.936928
4692000|119.7893|1|2024-04-28 00:12:48.936928
4693000|22.8401|1|2024-04-28 00:12:48.936928
4688000|0.3265|1|2024-04-28 00:12:54.109401
4690000|3.56|1|2024-04-28 00:12:54.109401
4691000|1.4914|1|2024-04-28 00:12:54.109401
4692000|119.7893|1|2024-04-28 00:12:54.109401
4693000|22.8401|1|2024-04-28 00:12:54.109401
4688000|0.3265|1|2024-04-28 00:12:59.289552
4690000|3.56|1|2024-04-28 00:12:59.289552
4691000|1.4914|1|2024-04-28 00:12:59.289552
4692000|119.7893|1|2024-04-28 00:12:59.289552
4693000|21.6102|1|2024-04-28 00:12:59.289552
4688000|0.2547|1|2024-04-28 00:13:04.471063
4690000|3.56|1|2024-04-28 00:13:04.471063
4691000|1.4914|1|2024-04-28 00:13:04.471063
4692000|119.7893|1|2024-04-28 00:13:04.471063
4693000|21.1623|1|2024-04-28 00:13:04.471063
4688000|0.1919|1|2024-04-28 00:13:09.658451
4691000|3.5611|1|2024-04-28 00:13:09.658451
4692000|116.2293|1|2024-04-28 00:13:09.658451
4693000|21.9893|1|2024-04-28 00:13:09.658451
4694000|5.9749|1|2024-04-28 00:13:09.658451
4688000|0.1919|1|2024-04-28 00:13:14.850177
4690000|3.56|1|2024-04-28 00:13:14.850177
4691000|3.2244|1|2024-04-28 00:13:14.850177
4692000|116.2293|1|2024-04-28 00:13:14.850177
4693000|21.9893|1|2024-04-28 00:13:14.850177
4688000|2.0935|1|2024-04-28 00:13:20.032866
4690000|5.0503|1|2024-04-28 00:13:20.032866
4691000|1.7341|1|2024-04-28 00:13:20.032866
4692000|116.2293|1|2024-04-28 00:13:20.032866
4693000|23.9053|1|2024-04-28 00:13:20.032866
4687000|0.2388|1|2024-04-28 00:13:25.214218
4688000|2.0935|1|2024-04-28 00:13:25.214218
4690000|5.0503|1|2024-04-28 00:13:25.214218
4691000|1.7341|1|2024-04-28 00:13:25.214218
4692000|116.2293|1|2024-04-28 00:13:25.214218
4687000|0.2388|1|2024-04-28 00:13:30.434713
4688000|2.0935|1|2024-04-28 00:13:30.434713
4690000|1.4903|1|2024-04-28 00:13:30.434713
4691000|5.2941|1|2024-04-28 00:13:30.434713
4692000|116.2293|1|2024-04-28 00:13:30.434713
4687000|0.779|1|2024-04-28 00:13:35.586572
4688000|2.0935|1|2024-04-28 00:13:35.586572
4690000|1.4903|1|2024-04-28 00:13:35.586572
4691000|3.5611|1|2024-04-28 00:13:35.586572
4692000|6.9064|1|2024-04-28 00:13:35.586572
4687000|0.7256|1|2024-04-28 00:13:40.733400
4688000|2.0935|1|2024-04-28 00:13:40.733400
4690000|1.4903|1|2024-04-28 00:13:40.733400
4691000|3.5611|1|2024-04-28 00:13:40.733400
4692000|6.9064|1|2024-04-28 00:13:40.733400
4687000|0.7244|1|2024-04-28 00:13:45.892683
4688000|0.1819|1|2024-04-28 00:13:45.892683
4691000|5.0485|1|2024-04-28 00:13:45.892683
4692000|6.9064|1|2024-04-28 00:13:45.892683
4693000|133.0452|1|2024-04-28 00:13:45.892683
4687000|2.636|1|2024-04-28 00:13:51.042294
4688000|0.1819|1|2024-04-28 00:13:51.042294
4690000|1.4874|1|2024-04-28 00:13:51.042294
4691000|3.5611|1|2024-04-28 00:13:51.042294
4692000|5.8102|1|2024-04-28 00:13:51.042294
4687000|2.636|1|2024-04-28 00:13:56.175902
4688000|0.1819|1|2024-04-28 00:13:56.175902
4690000|1.4874|1|2024-04-28 00:13:56.175902
4691000|3.5611|1|2024-04-28 00:13:56.175902
4692000|4.0772|1|2024-04-28 00:13:56.175902
4687000|2.636|1|2024-04-28 00:14:01.334695
4688000|0.1819|1|2024-04-28 00:14:01.334695
4690000|1.4874|1|2024-04-28 00:14:01.334695
4691000|3.5611|1|2024-04-28 00:14:01.334695
4692000|4.0772|1|2024-04-28 00:14:01.334695
4687000|2.636|1|2024-04-28 00:14:06.554105
4688000|0.1819|1|2024-04-28 00:14:06.554105
4690000|1.4874|1|2024-04-28 00:14:06.554105
4691000|3.5611|1|2024-04-28 00:14:06.554105
4692000|4.0772|1|2024-04-28 00:14:06.554105
4687000|3.7322|1|2024-04-28 00:14:11.711367
4688000|0.1819|1|2024-04-28 00:14:11.711367
4690000|1.4874|1|2024-04-28 00:14:11.711367
4691000|3.5611|1|2024-04-28 00:14:11.711367
4692000|4.0772|1|2024-04-28 00:14:11.711367
4687000|3.7322|1|2024-04-28 00:14:16.851299
4688000|0.1819|1|2024-04-28 00:14:16.851299
4690000|1.4874|1|2024-04-28 00:14:16.851299
4691000|3.5611|1|2024-04-28 00:14:16.851299
4692000|4.0772|1|2024-04-28 00:14:16.851299
4687000|3.6623|1|2024-04-28 00:14:22.012079
4688000|0.1819|1|2024-04-28 00:14:22.012079
4690000|1.4874|1|2024-04-28 00:14:22.012079
4691000|3.5611|1|2024-04-28 00:14:22.012079
4692000|4.0772|1|2024-04-28 00:14:22.012079
4687000|1.7107|1|2024-04-28 00:14:27.176388
4688000|0.1819|1|2024-04-28 00:14:27.176388
4690000|1.4874|1|2024-04-28 00:14:27.176388
4691000|3.5611|1|2024-04-28 00:14:27.176388
4692000|4.0772|1|2024-04-28 00:14:27.176388
4687000|1.6954|1|2024-04-28 00:14:32.342179
4688000|0.1819|1|2024-04-28 00:14:32.342179
4690000|3.56|1|2024-04-28 00:14:32.342179
4691000|1.4979|1|2024-04-28 00:14:32.342179
4692000|4.0772|1|2024-04-28 00:14:32.342179
4687000|1.654|1|2024-04-28 00:14:37.448872
4688000|0.1819|1|2024-04-28 00:14:37.448872
4690000|18.56|1|2024-04-28 00:14:37.448872
4691000|0.0011|1|2024-04-28 00:14:37.448872
4692000|4.0772|1|2024-04-28 00:14:37.448872
4687000|1.654|1|2024-04-28 00:14:42.634469
4688000|0.1819|1|2024-04-28 00:14:42.634469
4690000|3.56|1|2024-04-28 00:14:42.634469
4691000|1.4979|1|2024-04-28 00:14:42.634469
4692000|19.0772|1|2024-04-28 00:14:42.634469
4687000|1.462|1|2024-04-28 00:14:47.783619
4688000|0.1819|1|2024-04-28 00:14:47.783619
4691000|1.4924|1|2024-04-28 00:14:47.783619
4692000|19.0772|1|2024-04-28 00:14:47.783619
4693000|105.7015|1|2024-04-28 00:14:47.783619
4687000|1.462|1|2024-04-28 00:14:52.889273
4688000|0.1819|1|2024-04-28 00:14:52.889273
4691000|1.4924|1|2024-04-28 00:14:52.889273
4692000|18.7957|1|2024-04-28 00:14:52.889273
4693000|105.7015|1|2024-04-28 00:14:52.889273
4687000|1.462|1|2024-04-28 00:14:58.000886
4688000|0.1819|1|2024-04-28 00:14:58.000886
4691000|1.4924|1|2024-04-28 00:14:58.000886
4692000|18.7957|1|2024-04-28 00:14:58.000886
4693000|105.7015|1|2024-04-28 00:14:58.000886
4688000|0.1819|1|2024-04-28 00:15:03.109123
4691000|5.0524|1|2024-04-28 00:15:03.109123
4692000|18.7957|1|2024-04-28 00:15:03.109123
4693000|100.4085|1|2024-04-28 00:15:03.109123
4694000|5.9749|1|2024-04-28 00:15:03.109123
4688000|0.1707|1|2024-04-28 00:15:08.209503
4691000|5.0524|1|2024-04-28 00:15:08.209503
4692000|18.7957|1|2024-04-28 00:15:08.209503
4693000|102.1415|1|2024-04-28 00:15:08.209503
4694000|5.9749|1|2024-04-28 00:15:08.209503
4688000|0.1707|1|2024-04-28 00:15:13.310615
4691000|5.0524|1|2024-04-28 00:15:13.310615
4692000|18.7957|1|2024-04-28 00:15:13.310615
4693000|100.4085|1|2024-04-28 00:15:13.310615
4694000|5.9749|1|2024-04-28 00:15:13.310615
4688000|0.0556|1|2024-04-28 00:15:18.427769
4690000|3.56|1|2024-04-28 00:15:18.427769
4691000|1.4924|1|2024-04-28 00:15:18.427769
4692000|18.7957|1|2024-04-28 00:15:18.427769
4693000|87.816|1|2024-04-28 00:15:18.427769
4688000|0.0556|1|2024-04-28 00:15:23.564942
4690000|3.56|1|2024-04-28 00:15:23.564942
4691000|1.1341|1|2024-04-28 00:15:23.564942
4692000|22.3557|1|2024-04-28 00:15:23.564942
4693000|82.523|1|2024-04-28 00:15:23.564942
4688000|0.0545|1|2024-04-28 00:15:28.710939
4689000|3.56|1|2024-04-28 00:15:28.710939
4691000|1.1341|1|2024-04-28 00:15:28.710939
4692000|116.6857|1|2024-04-28 00:15:28.710939
4693000|4.4293|1|2024-04-28 00:15:28.710939
4688000|3.0|1|2024-04-28 00:15:33.828191
4689000|18.632|1|2024-04-28 00:15:33.828191
4690000|7.56|1|2024-04-28 00:15:33.828191
4691000|0.0011|1|2024-04-28 00:15:33.828191
4692000|104.4557|1|2024-04-28 00:15:33.828191
4687000|2.7437|1|2024-04-28 00:15:38.960020
4688000|6.6313|1|2024-04-28 00:15:38.960020
4689000|15.0|1|2024-04-28 00:15:38.960020
4690000|7.56|1|2024-04-28 00:15:38.960020
4691000|2.1775|1|2024-04-28 00:15:38.960020
4687000|2.7437|1|2024-04-28 00:15:44.070380
4688000|7.4041|1|2024-04-28 00:15:44.070380
4689000|15.0|1|2024-04-28 00:15:44.070380
4690000|7.56|1|2024-04-28 00:15:44.070380
4691000|2.1775|1|2024-04-28 00:15:44.070380
4687000|0.0021|1|2024-04-28 00:15:49.222276
4688000|111.9573|1|2024-04-28 00:15:49.222276
4689000|15.0|1|2024-04-28 00:15:49.222276
4690000|7.56|1|2024-04-28 00:15:49.222276
4691000|2.1775|1|2024-04-28 00:15:49.222276
4687000|3.56|1|2024-04-28 00:15:54.420898
4688000|108.1148|1|2024-04-28 00:15:54.420898
4689000|3.56|1|2024-04-28 00:15:54.420898
4690000|19.0|1|2024-04-28 00:15:54.420898
4691000|1.7341|1|2024-04-28 00:15:54.420898
4687000|3.56|1|2024-04-28 00:15:59.593817
4688000|108.1148|1|2024-04-28 00:15:59.593817
4689000|3.56|1|2024-04-28 00:15:59.593817
4690000|19.0|1|2024-04-28 00:15:59.593817
4691000|0.0011|1|2024-04-28 00:15:59.593817
4687000|3.7519|1|2024-04-28 00:16:04.760665
4688000|6.3488|1|2024-04-28 00:16:04.760665
4689000|116.3859|1|2024-04-28 00:16:04.760665
4690000|19.0|1|2024-04-28 00:16:04.760665
4691000|1.7461|1|2024-04-28 00:16:04.760665
4687000|7.3119|1|2024-04-28 00:16:09.961440
4688000|2.7888|1|2024-04-28 00:16:09.961440
4689000|116.3859|1|2024-04-28 00:16:09.961440
4690000|24.33|1|2024-04-28 00:16:09.961440
4691000|0.0131|1|2024-04-28 00:16:09.961440
4687000|5.7535|1|2024-04-28 00:16:15.114965
4688000|109.4321|1|2024-04-28 00:16:15.114965
4689000|5.33|1|2024-04-28 00:16:15.114965
4690000|24.33|1|2024-04-28 00:16:15.114965
4691000|0.0131|1|2024-04-28 00:16:15.114965
4687000|5.7535|1|2024-04-28 00:16:20.271830
4688000|108.6593|1|2024-04-28 00:16:20.271830
4689000|5.33|1|2024-04-28 00:16:20.271830
4690000|24.33|1|2024-04-28 00:16:20.271830
4691000|0.0131|1|2024-04-28 00:16:20.271830
4687000|5.7535|1|2024-04-28 00:16:25.466191
4688000|108.6593|1|2024-04-28 00:16:25.466191
4689000|5.33|1|2024-04-28 00:16:25.466191
4690000|24.33|1|2024-04-28 00:16:25.466191
4691000|0.0131|1|2024-04-28 00:16:25.466191
4687000|3.6729|1|2024-04-28 00:16:30.666760
4689000|4.3328|1|2024-04-28 00:16:30.666760
4690000|114.0559|1|2024-04-28 00:16:30.666760
4691000|0.0131|1|2024-04-28 00:16:30.666760
4692000|25.1257|1|2024-04-28 00:16:30.666760
4687000|3.6729|1|2024-04-28 00:16:35.820111
4689000|3.56|1|2024-04-28 00:16:35.820111
4690000|114.0559|1|2024-04-28 00:16:35.820111
4691000|0.0131|1|2024-04-28 00:16:35.820111
4692000|25.1257|1|2024-04-28 00:16:35.820111
4687000|3.6729|1|2024-04-28 00:16:40.984408
4688000|4.3328|1|2024-04-28 00:16:40.984408
4689000|111.0559|1|2024-04-28 00:16:40.984408
4690000|8.33|1|2024-04-28 00:16:40.984408
4691000|0.0131|1|2024-04-28 00:16:40.984408
4687000|0.1129|1|2024-04-28 00:16:46.126245
4688000|0.7728|1|2024-04-28 00:16:46.126245
4689000|111.0559|1|2024-04-28 00:16:46.126245
4690000|3.0|1|2024-04-28 00:16:46.126245
4691000|0.0131|1|2024-04-28 00:16:46.126245
4687000|0.1129|1|2024-04-28 00:16:51.277982
4688000|2.0151|1|2024-04-28 00:16:51.277982
4689000|111.0559|1|2024-04-28 00:16:51.277982
4690000|3.0|1|2024-04-28 00:16:51.277982
4691000|0.0131|1|2024-04-28 00:16:51.277982
4687000|0.9557|1|2024-04-28 00:16:56.486077
4688000|112.2987|1|2024-04-28 00:16:56.486077
4689000|3.0|1|2024-04-28 00:16:56.486077
4690000|3.0|1|2024-04-28 00:16:56.486077
4691000|16.0131|1|2024-04-28 00:16:56.486077
4686000|0.0365|1|2024-04-28 00:17:01.728726
4687000|0.9557|1|2024-04-28 00:17:01.728726
4688000|112.2987|1|2024-04-28 00:17:01.728726
4689000|3.0|1|2024-04-28 00:17:01.728726
4690000|3.0|1|2024-04-28 00:17:01.728726
4686000|0.1473|1|2024-04-28 00:17:06.902006
4687000|0.1829|1|2024-04-28 00:17:06.902006
4688000|112.2987|1|2024-04-28 00:17:06.902006
4689000|4.2308|1|2024-04-28 00:17:06.902006
4690000|3.0|1|2024-04-28 00:17:06.902006
4686000|0.1473|1|2024-04-28 00:17:12.013598
4687000|0.1829|1|2024-04-28 00:17:12.013598
4688000|112.2987|1|2024-04-28 00:17:12.013598
4689000|1.2308|1|2024-04-28 00:17:12.013598
4690000|3.0|1|2024-04-28 00:17:12.013598
4686000|0.1473|1|2024-04-28 00:17:17.148675
4687000|0.1829|1|2024-04-28 00:17:17.148675
4689000|1.2434|1|2024-04-28 00:17:17.148675
4690000|112.2864|1|2024-04-28 00:17:17.148675
4691000|1.7461|1|2024-04-28 00:17:17.148675
4686000|0.1473|1|2024-04-28 00:17:22.278574
4687000|0.1829|1|2024-04-28 00:17:22.278574
4689000|1.2434|1|2024-04-28 00:17:22.278574
4690000|111.0559|1|2024-04-28 00:17:22.278574
4691000|2.9765|1|2024-04-28 00:17:22.278574
4686000|0.1473|1|2024-04-28 00:17:27.391647
4687000|0.1829|1|2024-04-28 00:17:27.391647
4689000|1.2434|1|2024-04-28 00:17:27.391647
4690000|111.0559|1|2024-04-28 00:17:27.391647
4691000|1.7461|1|2024-04-28 00:17:27.391647
4686000|0.1473|1|2024-04-28 00:17:32.519079
4687000|0.1829|1|2024-04-28 00:17:32.519079
4689000|1.2434|1|2024-04-28 00:17:32.519079
4690000|111.0559|1|2024-04-28 00:17:32.519079
4691000|1.7461|1|2024-04-28 00:17:32.519079
4686000|0.1621|1|2024-04-28 00:17:37.664063
4687000|0.1829|1|2024-04-28 00:17:37.664063
4689000|1.2434|1|2024-04-28 00:17:37.664063
4690000|111.0559|1|2024-04-28 00:17:37.664063
4691000|1.7461|1|2024-04-28 00:17:37.664063
4687000|0.064|1|2024-04-28 00:17:42.786551
4691000|1.2586|1|2024-04-28 00:17:42.786551
4692000|111.8516|1|2024-04-28 00:17:42.786551
4693000|18.8535|1|2024-04-28 00:17:42.786551
4694000|6.2393|1|2024-04-28 00:17:42.786551
4687000|0.064|1|2024-04-28 00:17:47.920090
4691000|0.0131|1|2024-04-28 00:17:47.920090
4692000|2.0411|1|2024-04-28 00:17:47.920090
4693000|129.9094|1|2024-04-28 00:17:47.920090
4694000|7.9723|1|2024-04-28 00:17:47.920090
4687000|0.0666|1|2024-04-28 00:17:53.094865
4691000|1.2583|1|2024-04-28 00:17:53.094865
4692000|0.7957|1|2024-04-28 00:17:53.094865
4693000|129.9094|1|2024-04-28 00:17:53.094865
4694000|6.2393|1|2024-04-28 00:17:53.094865
4687000|0.0666|1|2024-04-28 00:17:58.201995
4691000|0.0131|1|2024-04-28 00:17:58.201995
4692000|2.0404|1|2024-04-28 00:17:58.201995
4693000|129.9094|1|2024-04-28 00:17:58.201995
4694000|6.2393|1|2024-04-28 00:17:58.201995
4691000|0.0131|1|2024-04-28 00:18:03.362873
4692000|2.3753|1|2024-04-28 00:18:03.362873
4693000|129.4852|1|2024-04-28 00:18:03.362873
4694000|4.5664|1|2024-04-28 00:18:03.362873
4695000|7.4562|1|2024-04-28 00:18:03.362873
4688000|0.2504|1|2024-04-28 00:18:08.504448
4691000|0.0131|1|2024-04-28 00:18:08.504448
4692000|2.3753|1|2024-04-28 00:18:08.504448
4693000|15.4293|1|2024-04-28 00:18:08.504448
4694000|6.2994|1|2024-04-28 00:18:08.504448
4688000|0.2504|1|2024-04-28 00:18:13.624892
4691000|1.4906|1|2024-04-28 00:18:13.624892
4692000|0.8978|1|2024-04-28 00:18:13.624892
4693000|16.6592|1|2024-04-28 00:18:13.624892
4694000|6.2994|1|2024-04-28 00:18:13.624892
4688000|0.2504|1|2024-04-28 00:18:18.741721
4691000|1.4906|1|2024-04-28 00:18:18.741721
4692000|0.8978|1|2024-04-28 00:18:18.741721
4693000|20.1113|1|2024-04-28 00:18:18.741721
4694000|6.2994|1|2024-04-28 00:18:18.741721
4687000|0.4428|1|2024-04-28 00:18:23.870413
4688000|0.2504|1|2024-04-28 00:18:23.870413
4690000|1.4775|1|2024-04-28 00:18:23.870413
4691000|15.0131|1|2024-04-28 00:18:23.870413
4692000|113.0819|1|2024-04-28 00:18:23.870413
4687000|0.4428|1|2024-04-28 00:18:28.985670
4690000|1.4643|1|2024-04-28 00:18:28.985670
4691000|16.2434|1|2024-04-28 00:18:28.985670
4692000|111.8516|1|2024-04-28 00:18:28.985670
4693000|3.8814|1|2024-04-28 00:18:28.985670
4687000|0.4428|1|2024-04-28 00:18:34.106687
4690000|1.4643|1|2024-04-28 00:18:34.106687
4691000|16.2434|1|2024-04-28 00:18:34.106687
4692000|111.8516|1|2024-04-28 00:18:34.106687
4693000|4.8814|1|2024-04-28 00:18:34.106687
4687000|0.4428|1|2024-04-28 00:18:39.241737
4690000|1.4655|1|2024-04-28 00:18:39.241737
4691000|127.2993|1|2024-04-28 00:18:39.241737
4692000|0.7957|1|2024-04-28 00:18:39.241737
4693000|4.8814|1|2024-04-28 00:18:39.241737
4687000|0.4428|1|2024-04-28 00:18:44.619126
4690000|0.8461|1|2024-04-28 00:18:44.619126
4691000|15.0131|1|2024-04-28 00:18:44.619126
4692000|111.8516|1|2024-04-28 00:18:44.619126
4693000|4.8814|1|2024-04-28 00:18:44.619126
4690000|0.0012|1|2024-04-28 00:18:49.744973
4691000|0.0131|1|2024-04-28 00:18:49.744973
4692000|0.7957|1|2024-04-28 00:18:49.744973
4693000|16.2738|1|2024-04-28 00:18:49.744973
4694000|116.418|1|2024-04-28 00:18:49.744973
4690000|0.0031|1|2024-04-28 00:18:54.874688
4691000|0.0131|1|2024-04-28 00:18:54.874688
4692000|1.639|1|2024-04-28 00:18:54.874688
4693000|15.4293|1|2024-04-28 00:18:54.874688
4694000|116.418|1|2024-04-28 00:18:54.874688
4690000|0.0031|1|2024-04-28 00:18:59.999139
4691000|0.0131|1|2024-04-28 00:18:59.999139
4692000|1.639|1|2024-04-28 00:18:59.999139
4693000|15.4293|1|2024-04-28 00:18:59.999139
4694000|116.8519|1|2024-04-28 00:18:59.999139
4691000|0.0131|1|2024-04-28 00:19:05.128428
4692000|1.639|1|2024-04-28 00:19:05.128428
4693000|16.7611|1|2024-04-28 00:19:05.128428
4694000|115.6223|1|2024-04-28 00:19:05.128428
4695000|3.5564|1|2024-04-28 00:19:05.128428
4691000|0.0131|1|2024-04-28 00:19:10.238507
4692000|1.639|1|2024-04-28 00:19:10.238507
4693000|15.5314|1|2024-04-28 00:19:10.238507
4694000|119.1823|1|2024-04-28 00:19:10.238507
4695000|3.5564|1|2024-04-28 00:19:10.238507
4691000|0.0131|1|2024-04-28 00:19:15.340315
4692000|1.639|1|2024-04-28 00:19:15.340315
4693000|127.8172|1|2024-04-28 00:19:15.340315
4694000|4.5664|1|2024-04-28 00:19:15.340315
4695000|7.1164|1|2024-04-28 00:19:15.340315
4692000|1.639|1|2024-04-28 00:19:20.445232
4693000|127.7151|1|2024-04-28 00:19:20.445232
4694000|11.7885|1|2024-04-28 00:19:20.445232
4695000|3.5564|1|2024-04-28 00:19:20.445232
4696000|4.0024|1|2024-04-28 00:19:20.445232
4692000|1.639|1|2024-04-28 00:19:25.562065
4693000|127.7151|1|2024-04-28 00:19:25.562065
4694000|11.7885|1|2024-04-28 00:19:25.562065
4695000|3.5564|1|2024-04-28 00:19:25.562065
4696000|4.0024|1|2024-04-28 00:19:25.562065
4691000|1.6771|1|2024-04-28 00:19:30.687477
4692000|4.3557|1|2024-04-28 00:19:30.687477
4693000|112.7151|1|2024-04-28 00:19:30.687477
4694000|23.2285|1|2024-04-28 00:19:30.687477
4695000|3.5564|1|2024-04-28 00:19:30.687477
4691000|0.2131|1|2024-04-28 00:19:35.807217
4692000|2.2597|1|2024-04-28 00:19:35.807217
4693000|111.4852|1|2024-04-28 00:19:35.807217
4694000|23.2285|1|2024-04-28 00:19:35.807217
4695000|3.5564|1|2024-04-28 00:19:35.807217
4691000|1.6771|1|2024-04-28 00:19:40.989395
4692000|0.7957|1|2024-04-28 00:19:40.989395
4693000|111.4852|1|2024-04-28 00:19:40.989395
4694000|24.4583|1|2024-04-28 00:19:40.989395
4695000|3.5564|1|2024-04-28 00:19:40.989395
4691000|0.2131|1|2024-04-28 00:19:46.099461
4692000|2.2597|1|2024-04-28 00:19:46.099461
4693000|0.4293|1|2024-04-28 00:19:46.099461
4694000|4.6685|1|2024-04-28 00:19:46.099461
4695000|130.8419|1|2024-04-28 00:19:46.099461
4691000|0.2131|1|2024-04-28 00:19:51.203450
4692000|0.7957|1|2024-04-28 00:19:51.203450
4693000|1.8933|1|2024-04-28 00:19:51.203450
4694000|1.6685|1|2024-04-28 00:19:51.203450
4695000|130.8418|1|2024-04-28 00:19:51.203450
4691000|0.2131|1|2024-04-28 00:19:56.313973
4692000|0.7957|1|2024-04-28 00:19:56.313973
4693000|1.8933|1|2024-04-28 00:19:56.313973
4694000|5.2285|1|2024-04-28 00:19:56.313973
4695000|130.8418|1|2024-04-28 00:19:56.313973
4691000|0.2131|1|2024-04-28 00:20:01.449278
4692000|0.7957|1|2024-04-28 00:20:01.449278
4693000|1.8933|1|2024-04-28 00:20:01.449278
4694000|5.2285|1|2024-04-28 00:20:01.449278
4695000|130.8418|1|2024-04-28 00:20:01.449278
4691000|0.2131|1|2024-04-28 00:20:06.607753
4692000|0.7957|1|2024-04-28 00:20:06.607753
4693000|0.4293|1|2024-04-28 00:20:06.607753
4694000|3.1325|1|2024-04-28 00:20:06.607753
4695000|4.1164|1|2024-04-28 00:20:06.607753
4691000|0.1634|1|2024-04-28 00:20:11.718233
4692000|0.7957|1|2024-04-28 00:20:11.718233
4693000|1.8933|1|2024-04-28 00:20:11.718233
4694000|1.6685|1|2024-04-28 00:20:11.718233
4695000|4.1164|1|2024-04-28 00:20:11.718233
4694000|3.4424|1|2024-04-28 00:20:16.824329
4695000|1.1239|1|2024-04-28 00:20:16.824329
4696000|19.2317|1|2024-04-28 00:20:16.824329
4697000|117.7217|1|2024-04-28 00:20:16.824329
4698000|6.4322|1|2024-04-28 00:20:16.824329
4695000|0.5669|1|2024-04-28 00:20:21.962451
4696000|0.5702|1|2024-04-28 00:20:21.962451
4697000|22.8949|1|2024-04-28 00:20:21.962451
4698000|116.059|1|2024-04-28 00:20:21.962451
4699000|8.4059|1|2024-04-28 00:20:21.962451
4694000|4.2298|1|2024-04-28 00:20:27.062917
4695000|15.5669|1|2024-04-28 00:20:27.062917
4696000|3.5624|1|2024-04-28 00:20:27.062917
4697000|4.1058|1|2024-04-28 00:20:27.062917
4698000|123.1698|1|2024-04-28 00:20:27.062917
4693000|3.56|1|2024-04-28 00:20:32.176511
4694000|4.2298|1|2024-04-28 00:20:32.176511
4695000|19.1269|1|2024-04-28 00:20:32.176511
4696000|0.0024|1|2024-04-28 00:20:32.176511
4697000|4.1058|1|2024-04-28 00:20:32.176511
4695000|0.5669|1|2024-04-28 00:20:37.348285
4696000|132.6183|1|2024-04-28 00:20:37.348285
4697000|4.1058|1|2024-04-28 00:20:37.348285
4698000|9.641|1|2024-04-28 00:20:37.348285
4699000|5.6041|1|2024-04-28 00:20:37.348285
4691000|0.002|1|2024-04-28 00:20:42.461368
4694000|3.56|1|2024-04-28 00:20:42.461368
4695000|1.1746|1|2024-04-28 00:20:42.461368
4696000|132.6183|1|2024-04-28 00:20:42.461368
4697000|4.1058|1|2024-04-28 00:20:42.461368
4691000|0.002|1|2024-04-28 00:20:47.586266
4694000|3.56|1|2024-04-28 00:20:47.586266
4695000|1.1746|1|2024-04-28 00:20:47.586266
4696000|133.8476|1|2024-04-28 00:20:47.586266
4697000|4.1058|1|2024-04-28 00:20:47.586266
4691000|0.002|1|2024-04-28 00:20:52.709918
4695000|4.7346|1|2024-04-28 00:20:52.709918
4696000|21.5624|1|2024-04-28 00:20:52.709918
4697000|115.3909|1|2024-04-28 00:20:52.709918
4698000|11.8606|1|2024-04-28 00:20:52.709918
4691000|0.0158|1|2024-04-28 00:20:57.824149
4695000|4.7346|1|2024-04-28 00:20:57.824149
4696000|22.7916|1|2024-04-28 00:20:57.824149
4697000|114.1617|1|2024-04-28 00:20:57.824149
4698000|10.1276|1|2024-04-28 00:20:57.824149
4691000|0.0158|1|2024-04-28 00:21:02.952337
4694000|1.4705|1|2024-04-28 00:21:02.952337
4695000|0.6095|1|2024-04-28 00:21:02.952337
4696000|22.7916|1|2024-04-28 00:21:02.952337
4697000|115.0579|1|2024-04-28 00:21:02.952337
4691000|0.0158|1|2024-04-28 00:21:08.077768
4694000|5.0305|1|2024-04-28 00:21:08.077768
4695000|1.8391|1|2024-04-28 00:21:08.077768
4696000|21.5624|1|2024-04-28 00:21:08.077768
4697000|116.7909|1|2024-04-28 00:21:08.077768
4691000|0.0158|1|2024-04-28 00:21:13.193811
4694000|1.4647|1|2024-04-28 00:21:13.193811
4695000|2.3425|1|2024-04-28 00:21:13.193811
4696000|21.5624|1|2024-04-28 00:21:13.193811
4697000|116.9739|1|2024-04-28 00:21:13.193811
4695000|7.3672|1|2024-04-28 00:21:18.316777
4696000|21.5624|1|2024-04-28 00:21:18.316777
4697000|116.9739|1|2024-04-28 00:21:18.316777
4698000|11.2461|1|2024-04-28 00:21:18.316777
4699000|5.2656|1|2024-04-28 00:21:18.316777
4691000|1.0108|1|2024-04-28 00:21:23.423609
4693000|1.4587|1|2024-04-28 00:21:23.423609
4694000|3.56|1|2024-04-28 00:21:23.423609
4695000|2.3425|1|2024-04-28 00:21:23.423609
4696000|21.5624|1|2024-04-28 00:21:23.423609
4691000|0.8698|1|2024-04-28 00:21:28.551089
4694000|5.0187|1|2024-04-28 00:21:28.551089
4695000|2.3425|1|2024-04-28 00:21:28.551089
4696000|21.5624|1|2024-04-28 00:21:28.551089
4697000|118.6456|1|2024-04-28 00:21:28.551089
4691000|0.8698|1|2024-04-28 00:21:33.659098
4694000|5.0187|1|2024-04-28 00:21:33.659098
4695000|0.6095|1|2024-04-28 00:21:33.659098
4696000|21.5624|1|2024-04-28 00:21:33.659098
4697000|118.4626|1|2024-04-28 00:21:33.659098
4691000|0.831|1|2024-04-28 00:21:38.811163
4694000|5.0139|1|2024-04-28 00:21:38.811163
4695000|0.6095|1|2024-04-28 00:21:38.811163
4696000|21.5624|1|2024-04-28 00:21:38.811163
4697000|118.4626|1|2024-04-28 00:21:38.811163
4691000|0.8322|1|2024-04-28 00:21:43.924071
4693000|3.56|1|2024-04-28 00:21:43.924071
4694000|1.4539|1|2024-04-28 00:21:43.924071
4695000|0.6095|1|2024-04-28 00:21:43.924071
4696000|23.7921|1|2024-04-28 00:21:43.924071
4691000|0.8322|1|2024-04-28 00:21:49.028942
4694000|5.0139|1|2024-04-28 00:21:49.028942
4695000|0.6095|1|2024-04-28 00:21:49.028942
4696000|22.5624|1|2024-04-28 00:21:49.028942
4697000|117.2332|1|2024-04-28 00:21:49.028942
4691000|0.8322|1|2024-04-28 00:21:54.139116
4694000|5.0139|1|2024-04-28 00:21:54.139116
4695000|0.6095|1|2024-04-28 00:21:54.139116
4696000|22.5624|1|2024-04-28 00:21:54.139116
4697000|118.4626|1|2024-04-28 00:21:54.139116
4691000|0.8322|1|2024-04-28 00:21:59.249773
4694000|3.561|1|2024-04-28 00:21:59.249773
4695000|2.0624|1|2024-04-28 00:21:59.249773
4696000|22.5624|1|2024-04-28 00:21:59.249773
4697000|117.2332|1|2024-04-28 00:21:59.249773
4691000|0.8322|1|2024-04-28 00:22:04.364041
4694000|3.561|1|2024-04-28 00:22:04.364041
4695000|2.0624|1|2024-04-28 00:22:04.364041
4696000|22.5624|1|2024-04-28 00:22:04.364041
4697000|118.4626|1|2024-04-28 00:22:04.364041
4691000|0.8322|1|2024-04-28 00:22:09.487294
4694000|3.561|1|2024-04-28 00:22:09.487294
4695000|2.0624|1|2024-04-28 00:22:09.487294
4696000|22.5624|1|2024-04-28 00:22:09.487294
4697000|118.4626|1|2024-04-28 00:22:09.487294
4691000|1.3379|1|2024-04-28 00:22:14.596803
4694000|4.2001|1|2024-04-28 00:22:14.596803
4695000|2.0624|1|2024-04-28 00:22:14.596803
4696000|22.5624|1|2024-04-28 00:22:14.596803
4697000|118.4626|1|2024-04-28 00:22:14.596803
4691000|1.3357|1|2024-04-28 00:22:19.718903
4694000|5.653|1|2024-04-28 00:22:19.718903
4695000|2.3425|1|2024-04-28 00:22:19.718903
4696000|22.5624|1|2024-04-28 00:22:19.718903
4697000|117.4162|1|2024-04-28 00:22:19.718903
4691000|1.3357|1|2024-04-28 00:22:24.839200
4694000|0.6401|1|2024-04-28 00:22:24.839200
4695000|6.1955|1|2024-04-28 00:22:24.839200
4696000|22.5624|1|2024-04-28 00:22:24.839200
4697000|117.2332|1|2024-04-28 00:22:24.839200
4691000|0.0094|1|2024-04-28 00:22:29.951889
4694000|0.7438|1|2024-04-28 00:22:29.951889
4695000|6.1955|1|2024-04-28 00:22:29.951889
4696000|22.5624|1|2024-04-28 00:22:29.951889
4697000|118.4625|1|2024-04-28 00:22:29.951889
4691000|0.0094|1|2024-04-28 00:22:35.061401
4694000|0.7438|1|2024-04-28 00:22:35.061401
4695000|6.1955|1|2024-04-28 00:22:35.061401
4696000|22.5624|1|2024-04-28 00:22:35.061401
4697000|117.2332|1|2024-04-28 00:22:35.061401
4691000|0.0094|1|2024-04-28 00:22:40.195118
4694000|0.7438|1|2024-04-28 00:22:40.195118
4695000|6.1965|1|2024-04-28 00:22:40.195118
4696000|22.5624|1|2024-04-28 00:22:40.195118
4697000|118.4626|1|2024-04-28 00:22:40.195118
4691000|0.0094|1|2024-04-28 00:22:45.306913
4694000|0.7438|1|2024-04-28 00:22:45.306913
4695000|2.6365|1|2024-04-28 00:22:45.306913
4696000|22.5624|1|2024-04-28 00:22:45.306913
4697000|122.0226|1|2024-04-28 00:22:45.306913
4691000|0.0094|1|2024-04-28 00:22:50.456065
4694000|2.1923|1|2024-04-28 00:22:50.456065
4695000|1.188|1|2024-04-28 00:22:50.456065
4696000|19.0024|1|2024-04-28 00:22:50.456065
4697000|122.0226|1|2024-04-28 00:22:50.456065
4691000|0.0094|1|2024-04-28 00:22:55.582571
4694000|2.1923|1|2024-04-28 00:22:55.582571
4695000|1.188|1|2024-04-28 00:22:55.582571
4696000|19.0024|1|2024-04-28 00:22:55.582571
4697000|120.2896|1|2024-04-28 00:22:55.582571
4691000|0.0094|1|2024-04-28 00:23:00.708193
4694000|2.1923|1|2024-04-28 00:23:00.708193
4695000|1.188|1|2024-04-28 00:23:00.708193
4696000|22.5624|1|2024-04-28 00:23:00.708193
4697000|120.2896|1|2024-04-28 00:23:00.708193
4691000|0.0094|1|2024-04-28 00:23:05.806959
4694000|0.7438|1|2024-04-28 00:23:05.806959
4695000|6.1965|1|2024-04-28 00:23:05.806959
4696000|19.0024|1|2024-04-28 00:23:05.806959
4697000|120.2896|1|2024-04-28 00:23:05.806959
4694000|0.7438|1|2024-04-28 00:23:10.913427
4695000|6.1965|1|2024-04-28 00:23:10.913427
4696000|19.0024|1|2024-04-28 00:23:10.913427
4697000|119.8473|1|2024-04-28 00:23:10.913427
4698000|9.678|1|2024-04-28 00:23:10.913427
4694000|0.7438|1|2024-04-28 00:23:16.015180
4695000|2.6365|1|2024-04-28 00:23:16.015180
4696000|19.0024|1|2024-04-28 00:23:16.015180
4697000|119.8473|1|2024-04-28 00:23:16.015180
4698000|9.678|1|2024-04-28 00:23:16.015180
4694000|4.3019|1|2024-04-28 00:23:21.161856
4695000|1.188|1|2024-04-28 00:23:21.161856
4696000|21.5624|1|2024-04-28 00:23:21.161856
4697000|115.0579|1|2024-04-28 00:23:21.161856
4698000|9.678|1|2024-04-28 00:23:21.161856
4694000|4.3019|1|2024-04-28 00:23:26.286138
4695000|2.6365|1|2024-04-28 00:23:26.286138
4696000|21.5624|1|2024-04-28 00:23:26.286138
4697000|116.2873|1|2024-04-28 00:23:26.286138
4698000|9.678|1|2024-04-28 00:23:26.286138
4694000|0.7419|1|2024-04-28 00:23:31.389779
4695000|6.1965|1|2024-04-28 00:23:31.389779
4696000|6.5624|1|2024-04-28 00:23:31.389779
4697000|130.0579|1|2024-04-28 00:23:31.389779
4698000|10.9071|1|2024-04-28 00:23:31.389779
4694000|0.7419|1|2024-04-28 00:23:36.492046
4695000|4.748|1|2024-04-28 00:23:36.492046
4696000|3.0024|1|2024-04-28 00:23:36.492046
4697000|129.0579|1|2024-04-28 00:23:36.492046
4698000|14.4671|1|2024-04-28 00:23:36.492046
4694000|0.7359|1|2024-04-28 00:23:41.693429
4695000|4.748|1|2024-04-28 00:23:41.693429
4696000|3.0024|1|2024-04-28 00:23:41.693429
4697000|129.0579|1|2024-04-28 00:23:41.693429
4698000|14.4671|1|2024-04-28 00:23:41.693429
4694000|0.6213|1|2024-04-28 00:23:46.853537
4695000|1.188|1|2024-04-28 00:23:46.853537
4696000|0.0024|1|2024-04-28 00:23:46.853537
4697000|0.002|1|2024-04-28 00:23:46.853537
4698000|21.908|1|2024-04-28 00:23:46.853537
4694000|0.3158|1|2024-04-28 00:23:51.957938
4695000|1.188|1|2024-04-28 00:23:51.957938
4696000|3.5624|1|2024-04-28 00:23:51.957938
4697000|1.4505|1|2024-04-28 00:23:51.957938
4698000|23.1371|1|2024-04-28 00:23:51.957938
4694000|0.3136|1|2024-04-28 00:23:57.075453
4695000|4.748|1|2024-04-28 00:23:57.075453
4696000|0.0024|1|2024-04-28 00:23:57.075453
4697000|4.4505|1|2024-04-28 00:23:57.075453
4698000|23.1371|1|2024-04-28 00:23:57.075453
4694000|0.3338|1|2024-04-28 00:24:02.203613
4695000|4.748|1|2024-04-28 00:24:02.203613
4696000|1.4466|1|2024-04-28 00:24:02.203613
4697000|3.0953|1|2024-04-28 00:24:02.203613
4698000|23.1371|1|2024-04-28 00:24:02.203613
4697000|3.0953|1|2024-04-28 00:24:07.322901
4698000|130.633|1|2024-04-28 00:24:07.322901
4699000|10.1389|1|2024-04-28 00:24:07.322901
4700000|18.3095|1|2024-04-28 00:24:07.322901
4701000|5.1863|1|2024-04-28 00:24:07.322901
4697000|5.6533|1|2024-04-28 00:24:12.468711
4698000|130.633|1|2024-04-28 00:24:12.468711
4699000|10.1389|1|2024-04-28 00:24:12.468711
4700000|18.3095|1|2024-04-28 00:24:12.468711
4701000|5.1863|1|2024-04-28 00:24:12.468711
4697000|5.6533|1|2024-04-28 00:24:17.610011
4698000|114.4039|1|2024-04-28 00:24:17.610011
4699000|26.368|1|2024-04-28 00:24:17.610011
4700000|18.3095|1|2024-04-28 00:24:17.610011
4701000|5.1863|1|2024-04-28 00:24:17.610011
4697000|5.6533|1|2024-04-28 00:24:22.714665
4698000|114.4039|1|2024-04-28 00:24:22.714665
4699000|26.468|1|2024-04-28 00:24:22.714665
4700000|18.3095|1|2024-04-28 00:24:22.714665
4701000|5.1863|1|2024-04-28 00:24:22.714665
4697000|2.0933|1|2024-04-28 00:24:27.820298
4698000|114.4039|1|2024-04-28 00:24:27.820298
4699000|15.0278|1|2024-04-28 00:24:27.820298
4700000|33.3095|1|2024-04-28 00:24:27.820298
4701000|5.1863|1|2024-04-28 00:24:27.820298
4697000|5.6533|1|2024-04-28 00:24:32.935653
4698000|114.4039|1|2024-04-28 00:24:32.935653
4699000|10.3145|1|2024-04-28 00:24:32.935653
4700000|33.3095|1|2024-04-28 00:24:32.935653
4701000|5.1863|1|2024-04-28 00:24:32.935653
4697000|2.1647|1|2024-04-28 00:24:38.040369
4698000|114.4039|1|2024-04-28 00:24:38.040369
4699000|10.3145|1|2024-04-28 00:24:38.040369
4700000|34.6065|1|2024-04-28 00:24:38.040369
4701000|5.1863|1|2024-04-28 00:24:38.040369
4697000|2.1647|1|2024-04-28 00:24:43.224583
4698000|114.4039|1|2024-04-28 00:24:43.224583
4699000|10.3145|1|2024-04-28 00:24:43.224583
4700000|33.3775|1|2024-04-28 00:24:43.224583
4701000|5.1863|1|2024-04-28 00:24:43.224583
4697000|2.1647|1|2024-04-28 00:24:48.335052
4698000|114.4039|1|2024-04-28 00:24:48.335052
4699000|11.5435|1|2024-04-28 00:24:48.335052
4700000|33.3775|1|2024-04-28 00:24:48.335052
4701000|5.1863|1|2024-04-28 00:24:48.335052
4697000|2.1647|1|2024-04-28 00:24:53.456751
4698000|114.4039|1|2024-04-28 00:24:53.456751
4699000|10.3145|1|2024-04-28 00:24:53.456751
4700000|34.6066|1|2024-04-28 00:24:53.456751
4701000|5.1863|1|2024-04-28 00:24:53.456751
4697000|2.1647|1|2024-04-28 00:24:58.602456
4698000|114.4039|1|2024-04-28 00:24:58.602456
4699000|10.3145|1|2024-04-28 00:24:58.602456
4700000|34.6066|1|2024-04-28 00:24:58.602456
4701000|5.1863|1|2024-04-28 00:24:58.602456
4697000|2.1647|1|2024-04-28 00:25:03.711020
4698000|114.4039|1|2024-04-28 00:25:03.711020
4699000|10.3145|1|2024-04-28 00:25:03.711020
4700000|19.6066|1|2024-04-28 00:25:03.711020
4701000|20.1863|1|2024-04-28 00:25:03.711020
4697000|2.1647|1|2024-04-28 00:25:08.827669
4698000|3.348|1|2024-04-28 00:25:08.827669
4699000|10.3145|1|2024-04-28 00:25:08.827669
4700000|18.3775|1|2024-04-28 00:25:08.827669
4701000|20.1863|1|2024-04-28 00:25:08.827669
4698000|7.1608|1|2024-04-28 00:25:13.950056
4699000|119.6374|1|2024-04-28 00:25:13.950056
4700000|20.1105|1|2024-04-28 00:25:13.950056
4701000|19.4992|1|2024-04-28 00:25:13.950056
4702000|9.1359|1|2024-04-28 00:25:13.950056
4698000|3.6008|1|2024-04-28 00:25:19.060220
4699000|116.0774|1|2024-04-28 00:25:19.060220
4700000|20.1105|1|2024-04-28 00:25:19.060220
4701000|23.0592|1|2024-04-28 00:25:19.060220
4702000|8.8549|1|2024-04-28 00:25:19.060220
4698000|7.1608|1|2024-04-28 00:25:24.181546
4699000|116.0774|1|2024-04-28 00:25:24.181546
4700000|20.1105|1|2024-04-28 00:25:24.181546
4701000|23.0592|1|2024-04-28 00:25:24.181546
4702000|8.8549|1|2024-04-28 00:25:24.181546
4698000|6.19|1|2024-04-28 00:25:29.309211
4699000|116.0774|1|2024-04-28 00:25:29.309211
4700000|20.1105|1|2024-04-28 00:25:29.309211
4701000|23.0592|1|2024-04-28 00:25:29.309211
4702000|8.4662|1|2024-04-28 00:25:29.309211
4698000|6.19|1|2024-04-28 00:25:34.438692
4699000|116.0774|1|2024-04-28 00:25:34.438692
4700000|20.1105|1|2024-04-28 00:25:34.438692
4701000|23.0592|1|2024-04-28 00:25:34.438692
4702000|8.4449|1|2024-04-28 00:25:34.438692
4698000|6.19|1|2024-04-28 00:25:39.547670
4699000|116.0774|1|2024-04-28 00:25:39.547670
4700000|20.1105|1|2024-04-28 00:25:39.547670
4701000|23.0592|1|2024-04-28 00:25:39.547670
4702000|8.7831|1|2024-04-28 00:25:39.547670
4697000|0.0219|1|2024-04-28 00:25:44.672066
4698000|6.1521|1|2024-04-28 00:25:44.672066
4699000|115.0774|1|2024-04-28 00:25:44.672066
4700000|20.1105|1|2024-04-28 00:25:44.672066
4701000|23.0592|1|2024-04-28 00:25:44.672066
4697000|0.0219|1|2024-04-28 00:25:49.836881
4698000|6.1521|1|2024-04-28 00:25:49.836881
4699000|115.0774|1|2024-04-28 00:25:49.836881
4700000|23.6705|1|2024-04-28 00:25:49.836881
4701000|18.2703|1|2024-04-28 00:25:49.836881
4697000|0.0219|1|2024-04-28 00:25:54.957307
4698000|6.1521|1|2024-04-28 00:25:54.957307
4699000|116.8104|1|2024-04-28 00:25:54.957307
4700000|21.9375|1|2024-04-28 00:25:54.957307
4701000|20.1863|1|2024-04-28 00:25:54.957307
4697000|0.0219|1|2024-04-28 00:26:00.075842
4698000|6.1521|1|2024-04-28 00:26:00.075842
4699000|115.0774|1|2024-04-28 00:26:00.075842
4700000|23.6705|1|2024-04-28 00:26:00.075842
4701000|18.2703|1|2024-04-28 00:26:00.075842
4697000|0.0219|1|2024-04-28 00:26:05.190599
4698000|6.1521|1|2024-04-28 00:26:05.190599
4699000|115.0774|1|2024-04-28 00:26:05.190599
4700000|23.6705|1|2024-04-28 00:26:05.190599
4701000|18.2703|1|2024-04-28 00:26:05.190599
4697000|0.0219|1|2024-04-28 00:26:10.300676
4698000|6.1521|1|2024-04-28 00:26:10.300676
4699000|115.0774|1|2024-04-28 00:26:10.300676
4700000|23.6705|1|2024-04-28 00:26:10.300676
4701000|18.2703|1|2024-04-28 00:26:10.300676
4697000|0.0209|1|2024-04-28 00:26:15.408671
4698000|6.1578|1|2024-04-28 00:26:15.408671
4699000|4.0215|1|2024-04-28 00:26:15.408671
4700000|23.6705|1|2024-04-28 00:26:15.408671
4701000|129.3262|1|2024-04-28 00:26:15.408671
4697000|0.0197|1|2024-04-28 00:26:20.514784
4698000|6.1578|1|2024-04-28 00:26:20.514784
4699000|4.0215|1|2024-04-28 00:26:20.514784
4700000|23.6705|1|2024-04-28 00:26:20.514784
4701000|129.3262|1|2024-04-28 00:26:20.514784
4697000|0.0142|1|2024-04-28 00:26:25.625332
4698000|6.1578|1|2024-04-28 00:26:25.625332
4699000|4.0215|1|2024-04-28 00:26:25.625332
4700000|23.6705|1|2024-04-28 00:26:25.625332
4701000|114.3262|1|2024-04-28 00:26:25.625332
4697000|0.0142|1|2024-04-28 00:26:30.727185
4698000|6.1578|1|2024-04-28 00:26:30.727185
4699000|5.7545|1|2024-04-28 00:26:30.727185
4700000|21.9375|1|2024-04-28 00:26:30.727185
4701000|116.3053|1|2024-04-28 00:26:30.727185
4698000|6.1015|1|2024-04-28 00:26:35.846074
4699000|5.7545|1|2024-04-28 00:26:35.846074
4700000|21.9375|1|2024-04-28 00:26:35.846074
4701000|116.3053|1|2024-04-28 00:26:35.846074
4702000|22.7578|1|2024-04-28 00:26:35.846074
4698000|6.1015|1|2024-04-28 00:26:40.988973
4699000|5.7545|1|2024-04-28 00:26:40.988973
4700000|21.9375|1|2024-04-28 00:26:40.988973
4701000|116.3053|1|2024-04-28 00:26:40.988973
4702000|21.5289|1|2024-04-28 00:26:40.988973
4698000|0.1365|1|2024-04-28 00:26:46.105135
4699000|1.0215|1|2024-04-28 00:26:46.105135
4700000|16.1105|1|2024-04-28 00:26:46.105135
4701000|2.6718|1|2024-04-28 00:26:46.105135
4702000|8.6749|1|2024-04-28 00:26:46.105135
4698000|0.1365|1|2024-04-28 00:26:51.271425
4699000|4.5815|1|2024-04-28 00:26:51.271425
4700000|19.1105|1|2024-04-28 00:26:51.271425
4701000|5.3334|1|2024-04-28 00:26:51.271425
4702000|9.6749|1|2024-04-28 00:26:51.271425
4698000|0.1365|1|2024-04-28 00:26:56.463298
4699000|4.5815|1|2024-04-28 00:26:56.463298
4700000|19.1105|1|2024-04-28 00:26:56.463298
4701000|5.3334|1|2024-04-28 00:26:56.463298
4702000|9.6749|1|2024-04-28 00:26:56.463298
4698000|0.1365|1|2024-04-28 00:27:01.691140
4699000|4.5815|1|2024-04-28 00:27:01.691140
4700000|52.5019|1|2024-04-28 00:27:01.691140
4701000|5.3334|1|2024-04-28 00:27:01.691140
4702000|10.0134|1|2024-04-28 00:27:01.691140
4698000|0.1365|1|2024-04-28 00:27:06.799553
4699000|4.5815|1|2024-04-28 00:27:06.799553
4700000|52.5019|1|2024-04-28 00:27:06.799553
4701000|5.3334|1|2024-04-28 00:27:06.799553
4702000|10.0134|1|2024-04-28 00:27:06.799553
4698000|0.1365|1|2024-04-28 00:27:11.934891
4699000|4.5815|1|2024-04-28 00:27:11.934891
4700000|52.5019|1|2024-04-28 00:27:11.934891
4701000|5.3334|1|2024-04-28 00:27:11.934891
4702000|120.7308|1|2024-04-28 00:27:11.934891
4698000|0.1365|1|2024-04-28 00:27:17.051147
4699000|2.4946|1|2024-04-28 00:27:17.051147
4700000|52.5019|1|2024-04-28 00:27:17.051147
4701000|6.6715|1|2024-04-28 00:27:17.051147
4702000|121.9595|1|2024-04-28 00:27:17.051147
4698000|0.1365|1|2024-04-28 00:27:22.160932
4699000|2.4946|1|2024-04-28 00:27:22.160932
4700000|56.0724|1|2024-04-28 00:27:22.160932
4701000|6.3334|1|2024-04-28 00:27:22.160932
4702000|118.7377|1|2024-04-28 00:27:22.160932
4698000|0.1365|1|2024-04-28 00:27:27.274272
4699000|2.4946|1|2024-04-28 00:27:27.274272
4700000|56.0724|1|2024-04-28 00:27:27.274272
4701000|6.3334|1|2024-04-28 00:27:27.274272
4702000|118.7377|1|2024-04-28 00:27:27.274272
4698000|0.1365|1|2024-04-28 00:27:32.381950
4699000|2.4946|1|2024-04-28 00:27:32.381950
4700000|56.0724|1|2024-04-28 00:27:32.381950
4701000|6.3334|1|2024-04-28 00:27:32.381950
4702000|118.7377|1|2024-04-28 00:27:32.381950
4698000|0.1365|1|2024-04-28 00:27:37.569576
4699000|2.4946|1|2024-04-28 00:27:37.569576
4700000|56.0724|1|2024-04-28 00:27:37.569576
4701000|6.3334|1|2024-04-28 00:27:37.569576
4702000|118.7377|1|2024-04-28 00:27:37.569576
4698000|0.1465|1|2024-04-28 00:27:42.685077
4699000|2.4946|1|2024-04-28 00:27:42.685077
4700000|54.3394|1|2024-04-28 00:27:42.685077
4701000|6.3334|1|2024-04-28 00:27:42.685077
4702000|116.8217|1|2024-04-28 00:27:42.685077
4698000|0.1565|1|2024-04-28 00:27:47.809863
4699000|2.4946|1|2024-04-28 00:27:47.809863
4700000|54.3394|1|2024-04-28 00:27:47.809863
4701000|24.2953|1|2024-04-28 00:27:47.809863
4702000|120.923|1|2024-04-28 00:27:47.809863
4698000|0.1565|1|2024-04-28 00:27:52.918675
4699000|2.4946|1|2024-04-28 00:27:52.918675
4700000|54.529|1|2024-04-28 00:27:52.918675
4701000|22.5623|1|2024-04-28 00:27:52.918675
4702000|122.656|1|2024-04-28 00:27:52.918675
4698000|0.1565|1|2024-04-28 00:27:58.033885
4699000|2.4946|1|2024-04-28 00:27:58.033885
4700000|54.529|1|2024-04-28 00:27:58.033885
4701000|132.3893|1|2024-04-28 00:27:58.033885
4702000|12.8289|1|2024-04-28 00:27:58.033885
4698000|0.1565|1|2024-04-28 00:28:03.152447
4699000|2.4946|1|2024-04-28 00:28:03.152447
4700000|54.529|1|2024-04-28 00:28:03.152447
4701000|132.3893|1|2024-04-28 00:28:03.152447
4702000|12.829|1|2024-04-28 00:28:03.152447
4698000|0.1565|1|2024-04-28 00:28:08.287412
4699000|4.5815|1|2024-04-28 00:28:08.287412
4700000|54.529|1|2024-04-28 00:28:08.287412
4701000|6.3334|1|2024-04-28 00:28:08.287412
4702000|137.6562|1|2024-04-28 00:28:08.287412
4698000|0.1565|1|2024-04-28 00:28:13.415956
4699000|4.5815|1|2024-04-28 00:28:13.415956
4700000|54.529|1|2024-04-28 00:28:13.415956
4701000|6.3334|1|2024-04-28 00:28:13.415956
4702000|137.3178|1|2024-04-28 00:28:13.415956
4698000|0.1565|1|2024-04-28 00:28:18.586232
4699000|4.5815|1|2024-04-28 00:28:18.586232
4700000|54.529|1|2024-04-28 00:28:18.586232
4701000|5.3334|1|2024-04-28 00:28:18.586232
4702000|137.3178|1|2024-04-28 00:28:18.586232
4697000|3.7108|1|2024-04-28 00:28:23.703232
4698000|0.1565|1|2024-04-28 00:28:23.703232
4699000|4.5815|1|2024-04-28 00:28:23.703232
4700000|54.529|1|2024-04-28 00:28:23.703232
4701000|5.3334|1|2024-04-28 00:28:23.703232
4697000|3.7108|1|2024-04-28 00:28:28.831720
4698000|3.7165|1|2024-04-28 00:28:28.831720
4699000|1.0215|1|2024-04-28 00:28:28.831720
4700000|54.529|1|2024-04-28 00:28:28.831720
4701000|5.3334|1|2024-04-28 00:28:28.831720
4697000|3.7108|1|2024-04-28 00:28:33.942288
4698000|3.7165|1|2024-04-28 00:28:33.942288
4699000|1.0215|1|2024-04-28 00:28:33.942288
4700000|54.529|1|2024-04-28 00:28:33.942288
4701000|5.3334|1|2024-04-28 00:28:33.942288
4697000|3.4962|1|2024-04-28 00:28:39.062025
4698000|0.1565|1|2024-04-28 00:28:39.062025
4699000|1.0215|1|2024-04-28 00:28:39.062025
4700000|47.969|1|2024-04-28 00:28:39.062025
4701000|5.3334|1|2024-04-28 00:28:39.062025
4697000|3.5174|1|2024-04-28 00:28:44.205885
4698000|0.1565|1|2024-04-28 00:28:44.205885
4699000|1.0215|1|2024-04-28 00:28:44.205885
4700000|47.969|1|2024-04-28 00:28:44.205885
4701000|8.8934|1|2024-04-28 00:28:44.205885
4697000|3.305|1|2024-04-28 00:28:49.335608
4698000|0.1565|1|2024-04-28 00:28:49.335608
4699000|1.0215|1|2024-04-28 00:28:49.335608
4700000|47.969|1|2024-04-28 00:28:49.335608
4701000|5.8934|1|2024-04-28 00:28:49.335608
4697000|3.305|1|2024-04-28 00:28:54.446787
4698000|0.1565|1|2024-04-28 00:28:54.446787
4699000|1.0215|1|2024-04-28 00:28:54.446787
4700000|47.969|1|2024-04-28 00:28:54.446787
4701000|5.8934|1|2024-04-28 00:28:54.446787
4697000|4.1677|1|2024-04-28 00:28:59.550076
4698000|0.1565|1|2024-04-28 00:28:59.550076
4699000|1.0215|1|2024-04-28 00:28:59.550076
4700000|51.529|1|2024-04-28 00:28:59.550076
4701000|2.3334|1|2024-04-28 00:28:59.550076
4697000|4.1994|1|2024-04-28 00:29:04.655879
4698000|0.1626|1|2024-04-28 00:29:04.655879
4699000|1.0215|1|2024-04-28 00:29:04.655879
4700000|47.969|1|2024-04-28 00:29:04.655879
4701000|2.3334|1|2024-04-28 00:29:04.655879
4697000|4.1755|1|2024-04-28 00:29:09.765931
4698000|0.1626|1|2024-04-28 00:29:09.765931
4699000|1.0215|1|2024-04-28 00:29:09.765931
4700000|47.969|1|2024-04-28 00:29:09.765931
4701000|2.3334|1|2024-04-28 00:29:09.765931
4697000|2.9384|1|2024-04-28 00:29:14.878729
4698000|0.1626|1|2024-04-28 00:29:14.878729
4699000|1.0215|1|2024-04-28 00:29:14.878729
4700000|47.969|1|2024-04-28 00:29:14.878729
4701000|2.3334|1|2024-04-28 00:29:14.878729
4698000|0.1614|1|2024-04-28 00:29:19.982406
4699000|1.0215|1|2024-04-28 00:29:19.982406
4700000|47.969|1|2024-04-28 00:29:19.982406
4701000|2.3334|1|2024-04-28 00:29:19.982406
4702000|0.4989|1|2024-04-28 00:29:19.982406
4698000|0.1614|1|2024-04-28 00:29:25.103144
4699000|1.0215|1|2024-04-28 00:29:25.103144
4700000|47.969|1|2024-04-28 00:29:25.103144
4701000|2.3334|1|2024-04-28 00:29:25.103144
4702000|0.4989|1|2024-04-28 00:29:25.103144
4698000|0.1614|1|2024-04-28 00:29:30.238550
4699000|1.0215|1|2024-04-28 00:29:30.238550
4700000|47.969|1|2024-04-28 00:29:30.238550
4701000|2.3334|1|2024-04-28 00:29:30.238550
4702000|0.4989|1|2024-04-28 00:29:30.238550
4698000|0.1614|1|2024-04-28 00:29:35.352210
4699000|1.0215|1|2024-04-28 00:29:35.352210
4700000|47.969|1|2024-04-28 00:29:35.352210
4701000|2.3334|1|2024-04-28 00:29:35.352210
4702000|0.4989|1|2024-04-28 00:29:35.352210
4698000|0.1614|1|2024-04-28 00:29:40.492762
4699000|1.0215|1|2024-04-28 00:29:40.492762
4700000|47.969|1|2024-04-28 00:29:40.492762
4701000|2.3334|1|2024-04-28 00:29:40.492762
4702000|0.4989|1|2024-04-28 00:29:40.492762
4698000|0.1614|1|2024-04-28 00:29:45.608267
4699000|1.0215|1|2024-04-28 00:29:45.608267
4700000|47.969|1|2024-04-28 00:29:45.608267
4701000|2.3334|1|2024-04-28 00:29:45.608267
4702000|0.4989|1|2024-04-28 00:29:45.608267
4699000|0.974|1|2024-04-28 00:29:50.733219
4700000|47.9931|1|2024-04-28 00:29:50.733219
4701000|2.3334|1|2024-04-28 00:29:50.733219
4702000|0.4989|1|2024-04-28 00:29:50.733219
4703000|15.2249|1|2024-04-28 00:29:50.733219
4699000|0.974|1|2024-04-28 00:29:55.844353
4700000|47.9931|1|2024-04-28 00:29:55.844353
4701000|2.3334|1|2024-04-28 00:29:55.844353
4702000|0.4989|1|2024-04-28 00:29:55.844353
4703000|15.2249|1|2024-04-28 00:29:55.844353
4699000|0.974|1|2024-04-28 00:30:00.979608
4700000|48.0171|1|2024-04-28 00:30:00.979608
4701000|2.3334|1|2024-04-28 00:30:00.979608
4702000|0.4989|1|2024-04-28 00:30:00.979608
4703000|15.2249|1|2024-04-28 00:30:00.979608
4699000|0.974|1|2024-04-28 00:30:06.092939
4700000|48.0171|1|2024-04-28 00:30:06.092939
4701000|2.3334|1|2024-04-28 00:30:06.092939
4702000|0.4989|1|2024-04-28 00:30:06.092939
4703000|15.2249|1|2024-04-28 00:30:06.092939
4699000|0.9776|1|2024-04-28 00:30:11.225347
4700000|48.0171|1|2024-04-28 00:30:11.225347
4701000|2.3334|1|2024-04-28 00:30:11.225347
4702000|0.7116|1|2024-04-28 00:30:11.225347
4703000|18.7849|1|2024-04-28 00:30:11.225347
4699000|0.9788|1|2024-04-28 00:30:16.343190
4700000|48.0171|1|2024-04-28 00:30:16.343190
4701000|2.3334|1|2024-04-28 00:30:16.343190
4702000|0.7116|1|2024-04-28 00:30:16.343190
4703000|15.2249|1|2024-04-28 00:30:16.343190
4699000|0.9788|1|2024-04-28 00:30:21.450945
4700000|48.0171|1|2024-04-28 00:30:21.450945
4701000|17.3334|1|2024-04-28 00:30:21.450945
4702000|0.7116|1|2024-04-28 00:30:21.450945
4703000|3.2249|1|2024-04-28 00:30:21.450945
4699000|0.9788|1|2024-04-28 00:30:26.611751
4700000|51.5771|1|2024-04-28 00:30:26.611751
4701000|17.3334|1|2024-04-28 00:30:26.611751
4702000|8.5001|1|2024-04-28 00:30:26.611751
4703000|4.2249|1|2024-04-28 00:30:26.611751
4699000|0.9788|1|2024-04-28 00:30:31.738703
4700000|48.0171|1|2024-04-28 00:30:31.738703
4701000|20.3334|1|2024-04-28 00:30:31.738703
4702000|8.5001|1|2024-04-28 00:30:31.738703
4703000|4.2249|1|2024-04-28 00:30:31.738703
4699000|4.5388|1|2024-04-28 00:30:36.880001
4700000|48.0171|1|2024-04-28 00:30:36.880001
4701000|25.1222|1|2024-04-28 00:30:36.880001
4702000|115.7675|1|2024-04-28 00:30:36.880001
4703000|1.5629|1|2024-04-28 00:30:36.880001
4699000|4.5388|1|2024-04-28 00:30:41.990963
4700000|54.5771|1|2024-04-28 00:30:41.990963
4701000|21.5622|1|2024-04-28 00:30:41.990963
4702000|115.7675|1|2024-04-28 00:30:41.990963
4703000|6.8929|1|2024-04-28 00:30:41.990963
4697000|19.8557|1|2024-04-28 00:30:47.110094
4698000|0.1|1|2024-04-28 00:30:47.110094
4699000|0.9788|1|2024-04-28 00:30:47.110094
4700000|54.5771|1|2024-04-28 00:30:47.110094
4701000|21.5622|1|2024-04-28 00:30:47.110094
4697000|19.8557|1|2024-04-28 00:30:52.313678
4698000|3.66|1|2024-04-28 00:30:52.313678
4699000|0.9788|1|2024-04-28 00:30:52.313678
4700000|54.5771|1|2024-04-28 00:30:52.313678
4701000|21.5622|1|2024-04-28 00:30:52.313678
4697000|19.4299|1|2024-04-28 00:30:57.432565
4698000|3.66|1|2024-04-28 00:30:57.432565
4699000|0.9788|1|2024-04-28 00:30:57.432565
4700000|54.5771|1|2024-04-28 00:30:57.432565
4701000|21.5622|1|2024-04-28 00:30:57.432565
4697000|19.4299|1|2024-04-28 00:31:02.559400
4698000|3.66|1|2024-04-28 00:31:02.559400
4699000|0.9788|1|2024-04-28 00:31:02.559400
4700000|54.5771|1|2024-04-28 00:31:02.559400
4701000|132.6181|1|2024-04-28 00:31:02.559400
4697000|19.3356|1|2024-04-28 00:31:07.691362
4698000|3.66|1|2024-04-28 00:31:07.691362
4699000|1.2782|1|2024-04-28 00:31:07.691362
4700000|51.5771|1|2024-04-28 00:31:07.691362
4701000|132.6181|1|2024-04-28 00:31:07.691362
4697000|18.8534|1|2024-04-28 00:31:12.830736
4698000|3.66|1|2024-04-28 00:31:12.830736
4699000|1.2782|1|2024-04-28 00:31:12.830736
4700000|51.5771|1|2024-04-28 00:31:12.830736
4701000|132.6181|1|2024-04-28 00:31:12.830736
4697000|18.8534|1|2024-04-28 00:31:17.978090
4698000|3.66|1|2024-04-28 00:31:17.978090
4699000|1.2782|1|2024-04-28 00:31:17.978090
4700000|51.5771|1|2024-04-28 00:31:17.978090
4701000|131.3893|1|2024-04-28 00:31:17.978090
4697000|18.8458|1|2024-04-28 00:31:23.097123
4698000|0.1|1|2024-04-28 00:31:23.097123
4699000|1.2782|1|2024-04-28 00:31:23.097123
4700000|48.0171|1|2024-04-28 00:31:23.097123
4701000|2.3334|1|2024-04-28 00:31:23.097123
4697000|18.8418|1|2024-04-28 00:31:28.214595
4698000|0.1|1|2024-04-28 00:31:28.214595
4699000|1.2782|1|2024-04-28 00:31:28.214595
4700000|48.0171|1|2024-04-28 00:31:28.214595
4701000|5.8934|1|2024-04-28 00:31:28.214595
4697000|18.8398|1|2024-04-28 00:31:33.366032
4699000|1.2782|1|2024-04-28 00:31:33.366032
4700000|48.0171|1|2024-04-28 00:31:33.366032
4701000|2.3334|1|2024-04-28 00:31:33.366032
4702000|6.4239|1|2024-04-28 00:31:33.366032
4697000|5.4857|1|2024-04-28 00:31:38.486549
4699000|1.2782|1|2024-04-28 00:31:38.486549
4700000|48.0171|1|2024-04-28 00:31:38.486549
4701000|2.3334|1|2024-04-28 00:31:38.486549
4702000|2.4446|1|2024-04-28 00:31:38.486549
4697000|5.3644|1|2024-04-28 00:31:43.609795
4699000|1.2782|1|2024-04-28 00:31:43.609795
4700000|48.0171|1|2024-04-28 00:31:43.609795
4701000|2.3334|1|2024-04-28 00:31:43.609795
4702000|6.0046|1|2024-04-28 00:31:43.609795
4697000|5.3644|1|2024-04-28 00:31:48.765645
4699000|1.2782|1|2024-04-28 00:31:48.765645
4700000|48.0171|1|2024-04-28 00:31:48.765645
4701000|2.3334|1|2024-04-28 00:31:48.765645
4702000|6.0046|1|2024-04-28 00:31:48.765645
4697000|5.3622|1|2024-04-28 00:31:53.885066
4699000|1.2782|1|2024-04-28 00:31:53.885066
4700000|48.0171|1|2024-04-28 00:31:53.885066
4701000|2.3334|1|2024-04-28 00:31:53.885066
4702000|6.0046|1|2024-04-28 00:31:53.885066
4697000|5.341|1|2024-04-28 00:31:59.036386
4699000|1.2782|1|2024-04-28 00:31:59.036386
4700000|48.0171|1|2024-04-28 00:31:59.036386
4701000|2.3334|1|2024-04-28 00:31:59.036386
4702000|6.0046|1|2024-04-28 00:31:59.036386
4697000|5.339|1|2024-04-28 00:32:04.185640
4699000|1.2782|1|2024-04-28 00:32:04.185640
4700000|48.0171|1|2024-04-28 00:32:04.185640
4701000|2.3334|1|2024-04-28 00:32:04.185640
4702000|5.4446|1|2024-04-28 00:32:04.185640
4697000|5.339|1|2024-04-28 00:32:09.330720
4699000|1.2782|1|2024-04-28 00:32:09.330720
4700000|66.5771|1|2024-04-28 00:32:09.330720
4701000|2.3334|1|2024-04-28 00:32:09.330720
4702000|6.6729|1|2024-04-28 00:32:09.330720
4697000|5.339|1|2024-04-28 00:32:14.480355
4699000|4.8382|1|2024-04-28 00:32:14.480355
4700000|63.0171|1|2024-04-28 00:32:14.480355
4701000|10.122|1|2024-04-28 00:32:14.480355
4702000|5.4446|1|2024-04-28 00:32:14.480355
4697000|5.337|1|2024-04-28 00:32:19.611249
4698000|3.56|1|2024-04-28 00:32:19.611249
4699000|1.2782|1|2024-04-28 00:32:19.611249
4700000|67.2458|1|2024-04-28 00:32:19.611249
4701000|8.8934|1|2024-04-28 00:32:19.611249
4697000|5.337|1|2024-04-28 00:32:24.728315
4699000|1.2782|1|2024-04-28 00:32:24.728315
4700000|70.8058|1|2024-04-28 00:32:24.728315
4701000|119.9493|1|2024-04-28 00:32:24.728315
4702000|6.4446|1|2024-04-28 00:32:24.728315
4697000|5.335|1|2024-04-28 00:32:29.851736
4698000|0.2844|1|2024-04-28 00:32:29.851736
4699000|1.2782|1|2024-04-28 00:32:29.851736
4700000|70.8058|1|2024-04-28 00:32:29.851736
4701000|119.9493|1|2024-04-28 00:32:29.851736
4697000|5.331|1|2024-04-28 00:32:35.015793
4698000|3.8444|1|2024-04-28 00:32:35.015793
4699000|2.5071|1|2024-04-28 00:32:35.015793
4700000|69.5771|1|2024-04-28 00:32:35.015793
4701000|116.3893|1|2024-04-28 00:32:35.015793
4697000|5.327|1|2024-04-28 00:32:40.187676
4698000|3.8657|1|2024-04-28 00:32:40.187676
4699000|1.2782|1|2024-04-28 00:32:40.187676
4700000|70.8059|1|2024-04-28 00:32:40.187676
4701000|116.3893|1|2024-04-28 00:32:40.187676
4697000|5.325|1|2024-04-28 00:32:45.299324
4698000|3.8657|1|2024-04-28 00:32:45.299324
4699000|1.2782|1|2024-04-28 00:32:45.299324
4700000|69.5771|1|2024-04-28 00:32:45.299324
4701000|116.3893|1|2024-04-28 00:32:45.299324
4697000|5.325|1|2024-04-28 00:32:50.426762
4698000|3.8657|1|2024-04-28 00:32:50.426762
4699000|1.2782|1|2024-04-28 00:32:50.426762
4700000|69.5771|1|2024-04-28 00:32:50.426762
4701000|116.3893|1|2024-04-28 00:32:50.426762
4697000|5.325|1|2024-04-28 00:32:55.542304
4698000|3.8657|1|2024-04-28 00:32:55.542304
4699000|1.2782|1|2024-04-28 00:32:55.542304
4700000|55.806|1|2024-04-28 00:32:55.542304
4701000|116.3893|1|2024-04-28 00:32:55.542304
4697000|5.325|1|2024-04-28 00:33:00.650435
4698000|0.3057|1|2024-04-28 00:33:00.650435
4699000|1.2782|1|2024-04-28 00:33:00.650435
4700000|51.0171|1|2024-04-28 00:33:00.650435
4701000|131.3893|1|2024-04-28 00:33:00.650435
4697000|5.323|1|2024-04-28 00:33:05.751828
4698000|0.3057|1|2024-04-28 00:33:05.751828
4699000|1.2782|1|2024-04-28 00:33:05.751828
4700000|54.5771|1|2024-04-28 00:33:05.751828
4701000|6.562|1|2024-04-28 00:33:05.751828
4697000|5.323|1|2024-04-28 00:33:10.894256
4698000|0.3057|1|2024-04-28 00:33:10.894256
4699000|1.2782|1|2024-04-28 00:33:10.894256
4700000|54.5771|1|2024-04-28 00:33:10.894256
4701000|6.562|1|2024-04-28 00:33:10.894256
4697000|5.323|1|2024-04-28 00:33:16.011251
4698000|0.3057|1|2024-04-28 00:33:16.011251
4699000|1.2782|1|2024-04-28 00:33:16.011251
4700000|54.5771|1|2024-04-28 00:33:16.011251
4701000|5.3334|1|2024-04-28 00:33:16.011251
4697000|5.323|1|2024-04-28 00:33:21.121281
4698000|3.8657|1|2024-04-28 00:33:21.121281
4699000|4.1482|1|2024-04-28 00:33:21.121281
4700000|55.8058|1|2024-04-28 00:33:21.121281
4701000|5.3334|1|2024-04-28 00:33:21.121281
4697000|5.323|1|2024-04-28 00:33:26.232589
4698000|3.8657|1|2024-04-28 00:33:26.232589
4699000|4.1482|1|2024-04-28 00:33:26.232589
4700000|55.8058|1|2024-04-28 00:33:26.232589
4701000|5.3334|1|2024-04-28 00:33:26.232589
4697000|5.323|1|2024-04-28 00:33:31.354825
4698000|3.8657|1|2024-04-28 00:33:31.354825
4699000|4.1482|1|2024-04-28 00:33:31.354825
4700000|55.8058|1|2024-04-28 00:33:31.354825
4701000|116.3893|1|2024-04-28 00:33:31.354825
4697000|5.3175|1|2024-04-28 00:33:36.468491
4698000|3.8657|1|2024-04-28 00:33:36.468491
4699000|4.1482|1|2024-04-28 00:33:36.468491
4700000|55.8058|1|2024-04-28 00:33:36.468491
4701000|116.3893|1|2024-04-28 00:33:36.468491
4697000|5.222|1|2024-04-28 00:33:41.620423
4698000|3.8657|1|2024-04-28 00:33:41.620423
4699000|4.1482|1|2024-04-28 00:33:41.620423
4700000|55.8058|1|2024-04-28 00:33:41.620423
4701000|116.3893|1|2024-04-28 00:33:41.620423
4697000|5.222|1|2024-04-28 00:33:46.735919
4698000|3.8657|1|2024-04-28 00:33:46.735919
4699000|4.1482|1|2024-04-28 00:33:46.735919
4700000|55.8058|1|2024-04-28 00:33:46.735919
4701000|118.1223|1|2024-04-28 00:33:46.735919
4697000|5.1535|1|2024-04-28 00:33:51.841769
4698000|3.8657|1|2024-04-28 00:33:51.841769
4699000|4.1482|1|2024-04-28 00:33:51.841769
4700000|55.8058|1|2024-04-28 00:33:51.841769
4701000|116.3893|1|2024-04-28 00:33:51.841769
4697000|5.1535|1|2024-04-28 00:33:56.969019
4698000|3.8657|1|2024-04-28 00:33:56.969019
4699000|4.1482|1|2024-04-28 00:33:56.969019
4700000|55.8058|1|2024-04-28 00:33:56.969019
4701000|118.1223|1|2024-04-28 00:33:56.969019
4697000|5.1535|1|2024-04-28 00:34:02.073764
4698000|3.8657|1|2024-04-28 00:34:02.073764
4699000|4.1482|1|2024-04-28 00:34:02.073764
4700000|55.8058|1|2024-04-28 00:34:02.073764
4701000|116.3893|1|2024-04-28 00:34:02.073764
4697000|5.0723|1|2024-04-28 00:34:07.182372
4698000|0.561|1|2024-04-28 00:34:07.182372
4699000|5.3772|1|2024-04-28 00:34:07.182372
4700000|54.5771|1|2024-04-28 00:34:07.182372
4701000|116.3893|1|2024-04-28 00:34:07.182372
4697000|4.922|1|2024-04-28 00:34:12.338530
4698000|3.8657|1|2024-04-28 00:34:12.338530
4699000|4.1482|1|2024-04-28 00:34:12.338530
4700000|54.5771|1|2024-04-28 00:34:12.338530
4701000|116.3893|1|2024-04-28 00:34:12.338530
4697000|7.9993|1|2024-04-28 00:34:17.462373
4698000|0.3057|1|2024-04-28 00:34:17.462373
4699000|5.3772|1|2024-04-28 00:34:17.462373
4700000|54.5771|1|2024-04-28 00:34:17.462373
4701000|116.3893|1|2024-04-28 00:34:17.462373
4697000|10.9993|1|2024-04-28 00:34:22.593779
4698000|0.3057|1|2024-04-28 00:34:22.593779
4699000|5.3772|1|2024-04-28 00:34:22.593779
4700000|54.5771|1|2024-04-28 00:34:22.593779
4701000|116.3893|1|2024-04-28 00:34:22.593779
4697000|10.9981|1|2024-04-28 00:34:27.743440
4698000|0.3057|1|2024-04-28 00:34:27.743440
4699000|5.3772|1|2024-04-28 00:34:27.743440
4700000|54.5771|1|2024-04-28 00:34:27.743440
4701000|116.3893|1|2024-04-28 00:34:27.743440
4697000|10.9671|1|2024-04-28 00:34:32.849088
4698000|0.3057|1|2024-04-28 00:34:32.849088
4699000|8.9372|1|2024-04-28 00:34:32.849088
4700000|162.073|1|2024-04-28 00:34:32.849088
4701000|5.3334|1|2024-04-28 00:34:32.849088
4697000|10.9671|1|2024-04-28 00:34:37.986034
4698000|0.3057|1|2024-04-28 00:34:37.986034
4699000|8.9372|1|2024-04-28 00:34:37.986034
4700000|162.073|1|2024-04-28 00:34:37.986034
4701000|5.3334|1|2024-04-28 00:34:37.986034
4697000|4.2136|1|2024-04-28 00:34:43.101505
4698000|0.3057|1|2024-04-28 00:34:43.101505
4699000|7.7082|1|2024-04-28 00:34:43.101505
4700000|163.3019|1|2024-04-28 00:34:43.101505
4701000|7.0664|1|2024-04-28 00:34:43.101505
4697000|4.2136|1|2024-04-28 00:34:48.225077
4698000|3.8657|1|2024-04-28 00:34:48.225077
4699000|7.7082|1|2024-04-28 00:34:48.225077
4700000|163.3019|1|2024-04-28 00:34:48.225077
4701000|7.0664|1|2024-04-28 00:34:48.225077
4697000|4.2136|1|2024-04-28 00:34:53.332862
4698000|3.8657|1|2024-04-28 00:34:53.332862
4699000|7.7082|1|2024-04-28 00:34:53.332862
4700000|163.3019|1|2024-04-28 00:34:53.332862
4701000|7.0664|1|2024-04-28 00:34:53.332862
4697000|3.9612|1|2024-04-28 00:34:58.445740
4698000|3.8657|1|2024-04-28 00:34:58.445740
4699000|7.7082|1|2024-04-28 00:34:58.445740
4700000|51.0171|1|2024-04-28 00:34:58.445740
4701000|118.1223|1|2024-04-28 00:34:58.445740
4697000|7.5212|1|2024-04-28 00:35:03.583919
4698000|0.3057|1|2024-04-28 00:35:03.583919
4699000|8.9372|1|2024-04-28 00:35:03.583919
4700000|51.0171|1|2024-04-28 00:35:03.583919
4701000|118.1223|1|2024-04-28 00:35:03.583919
4697000|7.5253|1|2024-04-28 00:35:08.691854
4698000|0.3057|1|2024-04-28 00:35:08.691854
4699000|7.7082|1|2024-04-28 00:35:08.691854
4700000|51.0171|1|2024-04-28 00:35:08.691854
4701000|118.1223|1|2024-04-28 00:35:08.691854
4697000|7.5253|1|2024-04-28 00:35:13.804489
4698000|1.5349|1|2024-04-28 00:35:13.804489
4699000|7.7082|1|2024-04-28 00:35:13.804489
4700000|162.073|1|2024-04-28 00:35:13.804489
4701000|7.0664|1|2024-04-28 00:35:13.804489
4697000|7.5247|1|2024-04-28 00:35:18.912281
4698000|0.3057|1|2024-04-28 00:35:18.912281
4699000|8.9383|1|2024-04-28 00:35:18.912281
4700000|162.073|1|2024-04-28 00:35:18.912281
4701000|7.0664|1|2024-04-28 00:35:18.912281
4697000|4.4691|1|2024-04-28 00:35:24.034737
4698000|0.3057|1|2024-04-28 00:35:24.034737
4699000|4.1493|1|2024-04-28 00:35:24.034737
4700000|48.0171|1|2024-04-28 00:35:24.034737
4701000|11.8549|1|2024-04-28 00:35:24.034737
4696000|0.0009|1|2024-04-28 00:35:29.150371
4697000|4.9691|1|2024-04-28 00:35:29.150371
4698000|0.3057|1|2024-04-28 00:35:29.150371
4699000|4.1493|1|2024-04-28 00:35:29.150371
4700000|51.5771|1|2024-04-28 00:35:29.150371
4696000|0.0009|1|2024-04-28 00:35:34.290803
4697000|4.9691|1|2024-04-28 00:35:34.290803
4698000|0.3057|1|2024-04-28 00:35:34.290803
4699000|4.1493|1|2024-04-28 00:35:34.290803
4700000|51.5771|1|2024-04-28 00:35:34.290803
4696000|0.0009|1|2024-04-28 00:35:39.400616
4697000|4.9691|1|2024-04-28 00:35:39.400616
4698000|0.3057|1|2024-04-28 00:35:39.400616
4699000|4.1493|1|2024-04-28 00:35:39.400616
4700000|51.5771|1|2024-04-28 00:35:39.400616
4696000|0.0031|1|2024-04-28 00:35:44.519835
4697000|4.965|1|2024-04-28 00:35:44.519835
4698000|0.3057|1|2024-04-28 00:35:44.519835
4699000|7.7093|1|2024-04-28 00:35:44.519835
4700000|48.0171|1|2024-04-28 00:35:44.519835
4696000|0.0031|1|2024-04-28 00:35:49.631981
4697000|1.965|1|2024-04-28 00:35:49.631981
4698000|0.3057|1|2024-04-28 00:35:49.631981
4699000|7.7093|1|2024-04-28 00:35:49.631981
4700000|48.0171|1|2024-04-28 00:35:49.631981
4696000|0.0031|1|2024-04-28 00:35:54.740216
4697000|1.965|1|2024-04-28 00:35:54.740216
4698000|0.3057|1|2024-04-28 00:35:54.740216
4699000|7.7093|1|2024-04-28 00:35:54.740216
4700000|63.0171|1|2024-04-28 00:35:54.740216
4696000|0.0065|1|2024-04-28 00:35:59.852152
4697000|1.965|1|2024-04-28 00:35:59.852152
4698000|0.3057|1|2024-04-28 00:35:59.852152
4699000|7.7093|1|2024-04-28 00:35:59.852152
4700000|48.0171|1|2024-04-28 00:35:59.852152
4697000|1.9332|1|2024-04-28 00:36:04.986674
4698000|0.3057|1|2024-04-28 00:36:04.986674
4699000|7.7093|1|2024-04-28 00:36:04.986674
4700000|48.0171|1|2024-04-28 00:36:04.986674
4701000|7.1221|1|2024-04-28 00:36:04.986674
4697000|1.9332|1|2024-04-28 00:36:10.087311
4698000|3.8657|1|2024-04-28 00:36:10.087311
4699000|4.1493|1|2024-04-28 00:36:10.087311
4700000|49.2459|1|2024-04-28 00:36:10.087311
4701000|8.8934|1|2024-04-28 00:36:10.087311
4696000|3.0|1|2024-04-28 00:36:15.194021
4697000|1.9332|1|2024-04-28 00:36:15.194021
4698000|0.3057|1|2024-04-28 00:36:15.194021
4699000|19.1493|1|2024-04-28 00:36:15.194021
4700000|49.2461|1|2024-04-28 00:36:15.194021
4695000|3.6832|1|2024-04-28 00:36:20.298400
4696000|3.0|1|2024-04-28 00:36:20.298400
4697000|1.9332|1|2024-04-28 00:36:20.298400
4698000|3.8657|1|2024-04-28 00:36:20.298400
4699000|4.1493|1|2024-04-28 00:36:20.298400
4695000|3.6832|1|2024-04-28 00:36:25.408860
4696000|3.0|1|2024-04-28 00:36:25.408860
4697000|1.9332|1|2024-04-28 00:36:25.408860
4698000|3.8657|1|2024-04-28 00:36:25.408860
4699000|4.1493|1|2024-04-28 00:36:25.408860
4695000|0.972|1|2024-04-28 00:36:30.514521
4696000|3.0|1|2024-04-28 00:36:30.514521
4697000|1.9332|1|2024-04-28 00:36:30.514521
4698000|3.8657|1|2024-04-28 00:36:30.514521
4699000|4.1493|1|2024-04-28 00:36:30.514521
4695000|0.8907|1|2024-04-28 00:36:35.626264
4696000|3.0|1|2024-04-28 00:36:35.626264
4697000|1.9332|1|2024-04-28 00:36:35.626264
4698000|3.8657|1|2024-04-28 00:36:35.626264
4699000|4.1493|1|2024-04-28 00:36:35.626264
4696000|3.0|1|2024-04-28 00:36:40.736296
4697000|1.9332|1|2024-04-28 00:36:40.736296
4698000|0.3057|1|2024-04-28 00:36:40.736296
4699000|7.7093|1|2024-04-28 00:36:40.736296
4700000|48.0171|1|2024-04-28 00:36:40.736296
4696000|2.3632|1|2024-04-28 00:36:45.861826
4697000|1.0256|1|2024-04-28 00:36:45.861826
4698000|0.3057|1|2024-04-28 00:36:45.861826
4699000|4.1493|1|2024-04-28 00:36:45.861826
4700000|48.0171|1|2024-04-28 00:36:45.861826
4696000|2.2317|1|2024-04-28 00:36:51.051281
4697000|1.0256|1|2024-04-28 00:36:51.051281
4698000|0.3057|1|2024-04-28 00:36:51.051281
4699000|4.1493|1|2024-04-28 00:36:51.051281
4700000|51.5771|1|2024-04-28 00:36:51.051281
4696000|1.9575|1|2024-04-28 00:36:56.181106
4697000|1.0256|1|2024-04-28 00:36:56.181106
4698000|0.3057|1|2024-04-28 00:36:56.181106
4699000|4.1493|1|2024-04-28 00:36:56.181106
4700000|51.5771|1|2024-04-28 00:36:56.181106
4697000|0.2346|1|2024-04-28 00:37:01.289424
4698000|0.3057|1|2024-04-28 00:37:01.289424
4699000|4.1493|1|2024-04-28 00:37:01.289424
4700000|51.5771|1|2024-04-28 00:37:01.289424
4701000|17.3334|1|2024-04-28 00:37:01.289424
4697000|0.0747|1|2024-04-28 00:37:06.400232
4698000|0.3057|1|2024-04-28 00:37:06.400232
4699000|4.1493|1|2024-04-28 00:37:06.400232
4700000|51.5771|1|2024-04-28 00:37:06.400232
4701000|17.3334|1|2024-04-28 00:37:06.400232
4696000|0.087|1|2024-04-28 00:37:11.506282
4697000|0.0747|1|2024-04-28 00:37:11.506282
4698000|0.3057|1|2024-04-28 00:37:11.506282
4699000|4.1493|1|2024-04-28 00:37:11.506282
4700000|51.5771|1|2024-04-28 00:37:11.506282
4696000|0.049|1|2024-04-28 00:37:16.636331
4697000|0.0747|1|2024-04-28 00:37:16.636331
4698000|0.3057|1|2024-04-28 00:37:16.636331
4699000|7.7093|1|2024-04-28 00:37:16.636331
4700000|48.3228|1|2024-04-28 00:37:16.636331
4696000|0.008|1|2024-04-28 00:37:21.785965
4697000|0.0747|1|2024-04-28 00:37:21.785965
4698000|0.3057|1|2024-04-28 00:37:21.785965
4699000|7.7093|1|2024-04-28 00:37:21.785965
4700000|48.0171|1|2024-04-28 00:37:21.785965
4698000|0.1897|1|2024-04-28 00:37:26.922930
4699000|4.1493|1|2024-04-28 00:37:26.922930
4700000|51.5771|1|2024-04-28 00:37:26.922930
4701000|17.6391|1|2024-04-28 00:37:26.922930
4702000|7.7104|1|2024-04-28 00:37:26.922930
4698000|0.1897|1|2024-04-28 00:37:32.037446
4699000|4.1493|1|2024-04-28 00:37:32.037446
4700000|51.5771|1|2024-04-28 00:37:32.037446
4701000|17.6391|1|2024-04-28 00:37:32.037446
4702000|7.7104|1|2024-04-28 00:37:32.037446
4698000|0.1897|1|2024-04-28 00:37:37.148059
4699000|4.8393|1|2024-04-28 00:37:37.148059
4700000|48.0171|1|2024-04-28 00:37:37.148059
4701000|17.6391|1|2024-04-28 00:37:37.148059
4702000|7.7104|1|2024-04-28 00:37:37.148059
4698000|3.7111|1|2024-04-28 00:37:42.252739
4699000|1.7357|1|2024-04-28 00:37:42.252739
4700000|52.8059|1|2024-04-28 00:37:42.252739
4701000|17.3334|1|2024-04-28 00:37:42.252739
4702000|4.1504|1|2024-04-28 00:37:42.252739
4698000|0.1511|1|2024-04-28 00:37:47.367888
4699000|4.8393|1|2024-04-28 00:37:47.367888
4700000|51.5771|1|2024-04-28 00:37:47.367888
4701000|17.3334|1|2024-04-28 00:37:47.367888
4702000|4.1504|1|2024-04-28 00:37:47.367888
4699000|1.1943|1|2024-04-28 00:37:52.475659
4700000|51.5771|1|2024-04-28 00:37:52.475659
4701000|2.3334|1|2024-04-28 00:37:52.475659
4702000|22.2716|1|2024-04-28 00:37:52.475659
4703000|3.2237|1|2024-04-28 00:37:52.475659
4699000|1.1943|1|2024-04-28 00:37:57.608004
4700000|51.5771|1|2024-04-28 00:37:57.608004
4701000|2.3334|1|2024-04-28 00:37:57.608004
4702000|22.2716|1|2024-04-28 00:37:57.608004
4703000|3.2237|1|2024-04-28 00:37:57.608004
4699000|1.1943|1|2024-04-28 00:38:02.721016
4700000|51.5771|1|2024-04-28 00:38:02.721016
4701000|2.3334|1|2024-04-28 00:38:02.721016
4702000|19.2716|1|2024-04-28 00:38:02.721016
4703000|3.2237|1|2024-04-28 00:38:02.721016
4699000|1.1747|1|2024-04-28 00:38:07.843949
4700000|48.0171|1|2024-04-28 00:38:07.843949
4701000|2.3334|1|2024-04-28 00:38:07.843949
4702000|0.7116|1|2024-04-28 00:38:07.843949
4703000|3.2237|1|2024-04-28 00:38:07.843949
4699000|1.1747|1|2024-04-28 00:38:12.956855
4700000|48.0171|1|2024-04-28 00:38:12.956855
4701000|5.8934|1|2024-04-28 00:38:12.956855
4702000|0.7116|1|2024-04-28 00:38:12.956855
4703000|3.2237|1|2024-04-28 00:38:12.956855
4699000|1.1747|1|2024-04-28 00:38:18.094563
4700000|53.0171|1|2024-04-28 00:38:18.094563
4701000|5.8934|1|2024-04-28 00:38:18.094563
4702000|0.7116|1|2024-04-28 00:38:18.094563
4703000|3.2237|1|2024-04-28 00:38:18.094563
4699000|1.1422|1|2024-04-28 00:38:23.202609
4700000|56.5771|1|2024-04-28 00:38:23.202609
4701000|4.4574|1|2024-04-28 00:38:23.202609
4702000|4.2716|1|2024-04-28 00:38:23.202609
4703000|3.2237|1|2024-04-28 00:38:23.202609
4699000|0.9252|1|2024-04-28 00:38:28.376227
4700000|53.0171|1|2024-04-28 00:38:28.376227
4701000|2.3334|1|2024-04-28 00:38:28.376227
4702000|4.2716|1|2024-04-28 00:38:28.376227
4703000|3.2237|1|2024-04-28 00:38:28.376227
4699000|0.9252|1|2024-04-28 00:38:33.522261
4700000|53.0171|1|2024-04-28 00:38:33.522261
4701000|2.3334|1|2024-04-28 00:38:33.522261
4702000|4.2716|1|2024-04-28 00:38:33.522261
4703000|3.2237|1|2024-04-28 00:38:33.522261
4699000|0.9075|1|2024-04-28 00:38:38.629008
4700000|55.1411|1|2024-04-28 00:38:38.629008
4701000|17.3334|1|2024-04-28 00:38:38.629008
