price   |quantity|type|timestamp
91085000|0.1575|0|2024-04-28 16:29:40.393740
91080000|0.3172|0|2024-04-28 16:29:40.393740
91078000|0.0001|0|2024-04-28 16:29:40.393740
91074000|0.1389|0|2024-04-28 16:29:40.393740
91073000|0.1108|0|2024-04-28 16:29:40.393740
91097000|0.0075|1|2024-04-28 16:29:40.396173
91100000|0.0045|1|2024-04-28 16:29:40.396173
91137000|0.1155|1|2024-04-28 16:29:40.396173
91138000|0.0628|1|2024-04-28 16:29:40.396173
91156000|0.0483|1|2024-04-28 16:29:40.396173
91085000|0.1589|0|2024-04-28 16:29:45.560063
91080000|0.3172|0|2024-04-28 16:29:45.560063
91078000|0.0001|0|2024-04-28 16:29:45.560063
91074000|0.1389|0|2024-04-28 16:29:45.560063
91073000|0.1108|0|2024-04-28 16:29:45.560063
91096000|0.0075|1|2024-04-28 16:29:45.562173
91100000|0.0045|1|2024-04-28 16:29:45.562173
91137000|0.1155|1|2024-04-28 16:29:45.562173
91138000|0.0628|1|2024-04-28 16:29:45.562173
91156000|0.0483|1|2024-04-28 16:29:45.562173
91085000|0.1459|0|2024-04-28 16:29:50.705010
91080000|0.3172|0|2024-04-28 16:29:50.705010
91078000|0.0001|0|2024-04-28 16:29:50.705010
91074000|0.1389|0|2024-04-28 16:29:50.705010
91073000|0.1108|0|2024-04-28 16:29:50.705010
91095000|0.0055|1|2024-04-28 16:29:50.707129
91100000|0.0045|1|2024-04-28 16:29:50.707129
91138000|0.0628|1|2024-04-28 16:29:50.707129
91155000|0.1152|1|2024-04-28 16:29:50.707129
91156000|0.0483|1|2024-04-28 16:29:50.707129
91085000|0.1402|0|2024-04-28 16:29:55.823064
91080000|0.3172|0|2024-04-28 16:29:55.823064
91078000|0.0001|0|2024-04-28 16:29:55.823064
91074000|0.1389|0|2024-04-28 16:29:55.823064
91073000|0.1108|0|2024-04-28 16:29:55.823064
91094000|0.0055|1|2024-04-28 16:29:55.825364
91100000|0.0045|1|2024-04-28 16:29:55.825364
91141000|0.0628|1|2024-04-28 16:29:55.825364
91152000|0.1152|1|2024-04-28 16:29:55.825364
91153000|0.0571|1|2024-04-28 16:29:55.825364
91086000|0.0082|0|2024-04-28 16:30:00.965952
91085000|0.1388|0|2024-04-28 16:30:00.965952
91080000|0.3172|0|2024-04-28 16:30:00.965952
91078000|0.0001|0|2024-04-28 16:30:00.965952
91074000|0.1389|0|2024-04-28 16:30:00.965952
91093000|0.0055|1|2024-04-28 16:30:00.968130
91100000|0.0045|1|2024-04-28 16:30:00.968130
91140000|0.1152|1|2024-04-28 16:30:00.968130
91141000|0.0628|1|2024-04-28 16:30:00.968130
91153000|0.0571|1|2024-04-28 16:30:00.968130
91086000|0.0082|0|2024-04-28 16:30:06.077771
91085000|0.1388|0|2024-04-28 16:30:06.077771
91080000|0.3172|0|2024-04-28 16:30:06.077771
91078000|0.0001|0|2024-04-28 16:30:06.077771
91074000|0.0179|0|2024-04-28 16:30:06.077771
91092000|0.0055|1|2024-04-28 16:30:06.079863
91100000|0.0045|1|2024-04-28 16:30:06.079863
91140000|0.1152|1|2024-04-28 16:30:06.079863
91141000|0.9|1|2024-04-28 16:30:06.079863
91143000|0.0628|1|2024-04-28 16:30:06.079863
91086000|0.0035|0|2024-04-28 16:30:11.197397
91085000|0.0002|0|2024-04-28 16:30:11.197397
91080000|0.3172|0|2024-04-28 16:30:11.197397
91078000|0.0001|0|2024-04-28 16:30:11.197397
91074000|0.0179|0|2024-04-28 16:30:11.197397
91090000|0.002|1|2024-04-28 16:30:11.199528
91100000|0.0045|1|2024-04-28 16:30:11.199528
91140000|0.1152|1|2024-04-28 16:30:11.199528
91141000|0.9|1|2024-04-28 16:30:11.199528
91153000|0.0571|1|2024-04-28 16:30:11.199528
91086000|0.0035|0|2024-04-28 16:30:16.319153
91085000|0.0002|0|2024-04-28 16:30:16.319153
91080000|0.3172|0|2024-04-28 16:30:16.319153
91078000|0.0001|0|2024-04-28 16:30:16.319153
91062000|0.317|0|2024-04-28 16:30:16.319153
91089000|0.0074|1|2024-04-28 16:30:16.321249
91100000|0.0045|1|2024-04-28 16:30:16.321249
91140000|0.1152|1|2024-04-28 16:30:16.321249
91141000|0.9|1|2024-04-28 16:30:16.321249
91153000|0.0571|1|2024-04-28 16:30:16.321249
91086000|0.0035|0|2024-04-28 16:30:21.442684
91085000|0.0002|0|2024-04-28 16:30:21.442684
91080000|0.3226|0|2024-04-28 16:30:21.442684
91078000|0.0001|0|2024-04-28 16:30:21.442684
91062000|0.317|0|2024-04-28 16:30:21.442684
91088000|0.0075|1|2024-04-28 16:30:21.444802
91100000|0.0045|1|2024-04-28 16:30:21.444802
91130000|0.1152|1|2024-04-28 16:30:21.444802
91131000|0.0628|1|2024-04-28 16:30:21.444802
91141000|0.9|1|2024-04-28 16:30:21.444802
91086000|0.0035|0|2024-04-28 16:30:26.592224
91085000|0.0002|0|2024-04-28 16:30:26.592224
91080000|0.3226|0|2024-04-28 16:30:26.592224
91078000|0.0001|0|2024-04-28 16:30:26.592224
91062000|0.317|0|2024-04-28 16:30:26.592224
91087000|0.0075|1|2024-04-28 16:30:26.594317
91100000|0.0045|1|2024-04-28 16:30:26.594317
91130000|0.1152|1|2024-04-28 16:30:26.594317
91131000|0.0628|1|2024-04-28 16:30:26.594317
91141000|0.9|1|2024-04-28 16:30:26.594317
91087000|0.5299|0|2024-04-28 16:30:31.709184
91086000|0.0035|0|2024-04-28 16:30:31.709184
91085000|0.0002|0|2024-04-28 16:30:31.709184
91080000|0.0056|0|2024-04-28 16:30:31.709184
91078000|0.0001|0|2024-04-28 16:30:31.709184
91100000|0.0045|1|2024-04-28 16:30:31.711287
91130000|0.1152|1|2024-04-28 16:30:31.711287
91131000|0.0628|1|2024-04-28 16:30:31.711287
91141000|0.9|1|2024-04-28 16:30:31.711287
91153000|0.0571|1|2024-04-28 16:30:31.711287
91089000|0.0054|0|2024-04-28 16:30:36.828270
91088000|0.001|0|2024-04-28 16:30:36.828270
91087000|0.5303|0|2024-04-28 16:30:36.828270
91086000|0.0035|0|2024-04-28 16:30:36.828270
91085000|0.0002|0|2024-04-28 16:30:36.828270
91100000|0.0045|1|2024-04-28 16:30:36.830443
91130000|0.1152|1|2024-04-28 16:30:36.830443
91131000|0.0628|1|2024-04-28 16:30:36.830443
91141000|0.9|1|2024-04-28 16:30:36.830443
91153000|0.0571|1|2024-04-28 16:30:36.830443
91091000|0.001|0|2024-04-28 16:30:41.947381
91087000|0.5301|0|2024-04-28 16:30:41.947381
91086000|0.0035|0|2024-04-28 16:30:41.947381
91085000|0.0002|0|2024-04-28 16:30:41.947381
91080000|0.0054|0|2024-04-28 16:30:41.947381
91100000|0.0046|1|2024-04-28 16:30:41.949646
91130000|0.1152|1|2024-04-28 16:30:41.949646
91131000|0.0628|1|2024-04-28 16:30:41.949646
91141000|0.9|1|2024-04-28 16:30:41.949646
91153000|0.0571|1|2024-04-28 16:30:41.949646
91092000|0.0044|0|2024-04-28 16:30:47.113302
91087000|0.5301|0|2024-04-28 16:30:47.113302
91086000|0.005|0|2024-04-28 16:30:47.113302
91085000|0.0002|0|2024-04-28 16:30:47.113302
91080000|0.0054|0|2024-04-28 16:30:47.113302
91100000|0.0046|1|2024-04-28 16:30:47.119499
91130000|0.1147|1|2024-04-28 16:30:47.119499
91131000|0.0628|1|2024-04-28 16:30:47.119499
91141000|0.9|1|2024-04-28 16:30:47.119499
91153000|0.0571|1|2024-04-28 16:30:47.119499
91093000|0.0034|0|2024-04-28 16:30:52.271605
91091000|0.001|0|2024-04-28 16:30:52.271605
91087000|0.5301|0|2024-04-28 16:30:52.271605
91086000|0.005|0|2024-04-28 16:30:52.271605
91085000|0.0002|0|2024-04-28 16:30:52.271605
91100000|0.0046|1|2024-04-28 16:30:52.273670
91114000|0.0628|1|2024-04-28 16:30:52.273670
91140000|0.1147|1|2024-04-28 16:30:52.273670
91141000|0.9|1|2024-04-28 16:30:52.273670
91153000|0.0571|1|2024-04-28 16:30:52.273670
91094000|0.0034|0|2024-04-28 16:30:57.395339
91091000|0.001|0|2024-04-28 16:30:57.395339
91087000|0.5301|0|2024-04-28 16:30:57.395339
91086000|0.005|0|2024-04-28 16:30:57.395339
91085000|0.0002|0|2024-04-28 16:30:57.395339
91100000|0.0046|1|2024-04-28 16:30:57.397497
91140000|0.1147|1|2024-04-28 16:30:57.397497
91141000|0.9|1|2024-04-28 16:30:57.397497
91147000|0.317|1|2024-04-28 16:30:57.397497
91153000|0.0571|1|2024-04-28 16:30:57.397497
91095000|0.0034|0|2024-04-28 16:31:02.512953
91091000|0.001|0|2024-04-28 16:31:02.512953
91087000|0.5301|0|2024-04-28 16:31:02.512953
91086000|0.005|0|2024-04-28 16:31:02.512953
91085000|0.0002|0|2024-04-28 16:31:02.512953
91100000|0.0046|1|2024-04-28 16:31:02.515209
91162000|0.1147|1|2024-04-28 16:31:02.515209
91163000|0.0576|1|2024-04-28 16:31:02.515209
91166000|0.9002|1|2024-04-28 16:31:02.515209
91170000|0.4115|1|2024-04-28 16:31:02.515209
91097000|0.0044|0|2024-04-28 16:31:07.667198
91091000|0.001|0|2024-04-28 16:31:07.667198
91090000|0.0035|0|2024-04-28 16:31:07.667198
91087000|0.5301|0|2024-04-28 16:31:07.667198
91086000|0.005|0|2024-04-28 16:31:07.667198
91100000|0.0046|1|2024-04-28 16:31:07.669246
91117000|0.0062|1|2024-04-28 16:31:07.669246
91160000|0.1147|1|2024-04-28 16:31:07.669246
91161000|0.0483|1|2024-04-28 16:31:07.669246
91163000|0.0576|1|2024-04-28 16:31:07.669246
91098000|0.0038|0|2024-04-28 16:31:12.801410
91090000|0.0035|0|2024-04-28 16:31:12.801410
91089000|0.0005|0|2024-04-28 16:31:12.801410
91087000|0.5301|0|2024-04-28 16:31:12.801410
91086000|0.005|0|2024-04-28 16:31:12.801410
91100000|0.0046|1|2024-04-28 16:31:12.803690
91117000|0.0062|1|2024-04-28 16:31:12.803690
91159000|0.1147|1|2024-04-28 16:31:12.803690
91160000|0.9|1|2024-04-28 16:31:12.803690
91161000|0.0483|1|2024-04-28 16:31:12.803690
91098000|0.0034|0|2024-04-28 16:31:17.928154
91090000|0.0035|0|2024-04-28 16:31:17.928154
91089000|0.0005|0|2024-04-28 16:31:17.928154
91087000|0.5301|0|2024-04-28 16:31:17.928154
91086000|0.005|0|2024-04-28 16:31:17.928154
91099000|0.002|1|2024-04-28 16:31:17.930306
91100000|0.0045|1|2024-04-28 16:31:17.930306
91159000|0.1147|1|2024-04-28 16:31:17.930306
91160000|0.9|1|2024-04-28 16:31:17.930306
91163000|0.0576|1|2024-04-28 16:31:17.930306
91098000|0.0035|0|2024-04-28 16:31:23.064491
91090000|0.0035|0|2024-04-28 16:31:23.064491
91089000|0.0005|0|2024-04-28 16:31:23.064491
91087000|0.5301|0|2024-04-28 16:31:23.064491
91086000|0.005|0|2024-04-28 16:31:23.064491
91099000|0.002|1|2024-04-28 16:31:23.066546
91100000|0.0045|1|2024-04-28 16:31:23.066546
91159000|0.1147|1|2024-04-28 16:31:23.066546
91160000|0.9|1|2024-04-28 16:31:23.066546
91163000|0.0576|1|2024-04-28 16:31:23.066546
91090000|0.0035|0|2024-04-28 16:31:28.182485
91089000|0.0005|0|2024-04-28 16:31:28.182485
91087000|0.5301|0|2024-04-28 16:31:28.182485
91086000|0.005|0|2024-04-28 16:31:28.182485
91085000|0.0002|0|2024-04-28 16:31:28.182485
91099000|0.0075|1|2024-04-28 16:31:28.184552
91100000|0.0045|1|2024-04-28 16:31:28.184552
91147000|0.0628|1|2024-04-28 16:31:28.184552
91159000|0.1147|1|2024-04-28 16:31:28.184552
91160000|0.9|1|2024-04-28 16:31:28.184552
91090000|0.0|0|2024-04-28 16:31:33.306588
91089000|0.0005|0|2024-04-28 16:31:33.306588
91087000|0.5301|0|2024-04-28 16:31:33.306588
91086000|0.005|0|2024-04-28 16:31:33.306588
91085000|0.0002|0|2024-04-28 16:31:33.306588
91098000|0.0075|1|2024-04-28 16:31:33.308908
91100000|0.0045|1|2024-04-28 16:31:33.308908
91162000|0.1145|1|2024-04-28 16:31:33.308908
91163000|0.0576|1|2024-04-28 16:31:33.308908
91166000|0.0002|1|2024-04-28 16:31:33.308908
91090000|0.0|0|2024-04-28 16:31:38.478347
91089000|0.0005|0|2024-04-28 16:31:38.478347
91087000|0.5301|0|2024-04-28 16:31:38.478347
91086000|0.005|0|2024-04-28 16:31:38.478347
91085000|0.0002|0|2024-04-28 16:31:38.478347
91097000|0.0055|1|2024-04-28 16:31:38.480444
91100000|0.0045|1|2024-04-28 16:31:38.480444
91162000|0.1145|1|2024-04-28 16:31:38.480444
91163000|0.0576|1|2024-04-28 16:31:38.480444
91166000|0.0002|1|2024-04-28 16:31:38.480444
91090000|0.0|0|2024-04-28 16:31:43.625368
91089000|0.0005|0|2024-04-28 16:31:43.625368
91087000|0.5301|0|2024-04-28 16:31:43.625368
91086000|0.005|0|2024-04-28 16:31:43.625368
91085000|0.0002|0|2024-04-28 16:31:43.625368
91096000|0.0055|1|2024-04-28 16:31:43.627593
91100000|0.0045|1|2024-04-28 16:31:43.627593
91162000|0.1145|1|2024-04-28 16:31:43.627593
91163000|0.0576|1|2024-04-28 16:31:43.627593
91166000|0.0002|1|2024-04-28 16:31:43.627593
91092000|0.0381|0|2024-04-28 16:31:48.737924
91090000|0.0|0|2024-04-28 16:31:48.737924
91089000|0.0005|0|2024-04-28 16:31:48.737924
91088000|0.1106|0|2024-04-28 16:31:48.737924
91087000|0.5301|0|2024-04-28 16:31:48.737924
91095000|0.0055|1|2024-04-28 16:31:48.740211
91100000|0.0045|1|2024-04-28 16:31:48.740211
91162000|0.1145|1|2024-04-28 16:31:48.740211
91163000|0.0576|1|2024-04-28 16:31:48.740211
91166000|0.0002|1|2024-04-28 16:31:48.740211
91092000|0.0305|0|2024-04-28 16:31:53.851822
91090000|0.0|0|2024-04-28 16:31:53.851822
91089000|0.0006|0|2024-04-28 16:31:53.851822
91088000|0.327|0|2024-04-28 16:31:53.851822
91087000|0.5301|0|2024-04-28 16:31:53.851822
91093000|0.002|1|2024-04-28 16:31:53.853877
91094000|0.0001|1|2024-04-28 16:31:53.853877
91100000|0.0045|1|2024-04-28 16:31:53.853877
91148000|0.0076|1|2024-04-28 16:31:53.853877
91162000|0.1145|1|2024-04-28 16:31:53.853877
91098000|0.0616|0|2024-04-28 16:31:58.980739
91094000|0.0402|0|2024-04-28 16:31:58.980739
91093000|0.0836|0|2024-04-28 16:31:58.980739
91088000|0.0002|0|2024-04-28 16:31:58.980739
91087000|0.5894|0|2024-04-28 16:31:58.980739
91100000|0.0045|1|2024-04-28 16:31:58.982888
91152000|0.0002|1|2024-04-28 16:31:58.982888
91157000|0.0457|1|2024-04-28 16:31:58.982888
91162000|0.1145|1|2024-04-28 16:31:58.982888
91163000|0.0576|1|2024-04-28 16:31:58.982888
91099000|0.0054|0|2024-04-28 16:32:04.096317
91098000|0.1487|0|2024-04-28 16:32:04.096317
91097000|0.0809|0|2024-04-28 16:32:04.096317
91094000|0.0516|0|2024-04-28 16:32:04.096317
91093000|0.1022|0|2024-04-28 16:32:04.096317
91100000|0.0045|1|2024-04-28 16:32:04.098401
91140000|0.0628|1|2024-04-28 16:32:04.098401
91155000|0.1147|1|2024-04-28 16:32:04.098401
91156000|0.0951|1|2024-04-28 16:32:04.098401
91157000|0.0459|1|2024-04-28 16:32:04.098401
91099000|0.0075|0|2024-04-28 16:32:09.243902
91097000|0.0002|0|2024-04-28 16:32:09.243902
91096000|0.0845|0|2024-04-28 16:32:09.243902
91094000|0.0807|0|2024-04-28 16:32:09.243902
91093000|0.0305|0|2024-04-28 16:32:09.243902
91100000|0.0043|1|2024-04-28 16:32:09.246058
91145000|0.0062|1|2024-04-28 16:32:09.246058
91151000|0.0408|1|2024-04-28 16:32:09.246058
91152000|0.0382|1|2024-04-28 16:32:09.246058
91154000|0.0077|1|2024-04-28 16:32:09.246058
91092000|0.0291|0|2024-04-28 16:32:14.367088
91089000|0.0549|0|2024-04-28 16:32:14.367088
91087000|0.5301|0|2024-04-28 16:32:14.367088
91086000|0.0051|0|2024-04-28 16:32:14.367088
91083000|0.0838|0|2024-04-28 16:32:14.367088
91100000|0.0081|1|2024-04-28 16:32:14.369229
91151000|0.0856|1|2024-04-28 16:32:14.369229
91152000|0.0382|1|2024-04-28 16:32:14.369229
91153000|0.1152|1|2024-04-28 16:32:14.369229
91154000|0.0251|1|2024-04-28 16:32:14.369229
91107000|0.0054|0|2024-04-28 16:32:19.486264
91105000|0.0289|0|2024-04-28 16:32:19.486264
91102000|0.0446|0|2024-04-28 16:32:19.486264
91101000|0.0131|0|2024-04-28 16:32:19.486264
91096000|0.0367|0|2024-04-28 16:32:19.486264
91155000|0.002|1|2024-04-28 16:32:19.488536
91156000|0.0002|1|2024-04-28 16:32:19.488536
91163000|0.1608|1|2024-04-28 16:32:19.488536
91164000|0.0408|1|2024-04-28 16:32:19.488536
91165000|0.0382|1|2024-04-28 16:32:19.488536
91161000|0.0425|0|2024-04-28 16:32:24.653917
91110000|0.317|0|2024-04-28 16:32:24.653917
91107000|0.0396|0|2024-04-28 16:32:24.653917
91098000|0.063|0|2024-04-28 16:32:24.653917
91096000|0.0319|0|2024-04-28 16:32:24.653917
91166000|0.0002|1|2024-04-28 16:32:24.656437
91169000|0.0304|1|2024-04-28 16:32:24.656437
91172000|0.0883|1|2024-04-28 16:32:24.656437
91174000|0.0227|1|2024-04-28 16:32:24.656437
91176000|0.0002|1|2024-04-28 16:32:24.656437
91164000|0.0247|0|2024-04-28 16:32:29.771229
91161000|0.0225|0|2024-04-28 16:32:29.771229
91127000|0.0289|0|2024-04-28 16:32:29.771229
91125000|0.0467|0|2024-04-28 16:32:29.771229
91124000|0.0002|0|2024-04-28 16:32:29.771229
91165000|0.002|1|2024-04-28 16:32:29.773331
91166000|0.0002|1|2024-04-28 16:32:29.773331
91176000|0.0002|1|2024-04-28 16:32:29.773331
91178000|0.1095|1|2024-04-28 16:32:29.773331
91182000|0.0002|1|2024-04-28 16:32:29.773331
91144000|0.0271|0|2024-04-28 16:32:34.900882
91141000|0.013|0|2024-04-28 16:32:34.900882
91140000|0.0339|0|2024-04-28 16:32:34.900882
91135000|0.0367|0|2024-04-28 16:32:34.900882
91134000|0.0471|0|2024-04-28 16:32:34.900882
91163000|0.0055|1|2024-04-28 16:32:34.903114
91164000|0.0234|1|2024-04-28 16:32:34.903114
91166000|0.0002|1|2024-04-28 16:32:34.903114
91176000|0.0002|1|2024-04-28 16:32:34.903114
91178000|0.1095|1|2024-04-28 16:32:34.903114
91144000|0.023|0|2024-04-28 16:32:40.033848
91141000|0.0237|0|2024-04-28 16:32:40.033848
91140000|0.0339|0|2024-04-28 16:32:40.033848
91135000|0.0367|0|2024-04-28 16:32:40.033848
91134000|0.0471|0|2024-04-28 16:32:40.033848
91162000|0.0054|1|2024-04-28 16:32:40.036021
91166000|0.0002|1|2024-04-28 16:32:40.036021
91176000|0.0002|1|2024-04-28 16:32:40.036021
91178000|0.1095|1|2024-04-28 16:32:40.036021
91182000|0.0002|1|2024-04-28 16:32:40.036021
91134000|0.001|0|2024-04-28 16:32:45.153871
91133000|0.0002|0|2024-04-28 16:32:45.153871
91130000|0.023|0|2024-04-28 16:32:45.153871
91126000|0.0469|0|2024-04-28 16:32:45.153871
91121000|0.0367|0|2024-04-28 16:32:45.153871
91160000|0.002|1|2024-04-28 16:32:45.156010
91161000|0.0054|1|2024-04-28 16:32:45.156010
91165000|0.0234|1|2024-04-28 16:32:45.156010
91166000|0.0002|1|2024-04-28 16:32:45.156010
91167000|0.0062|1|2024-04-28 16:32:45.156010
91134000|0.001|0|2024-04-28 16:32:50.284647
91133000|0.5298|0|2024-04-28 16:32:50.284647
91130000|0.023|0|2024-04-28 16:32:50.284647
91126000|0.0576|0|2024-04-28 16:32:50.284647
91121000|0.0367|0|2024-04-28 16:32:50.284647
91143000|0.002|1|2024-04-28 16:32:50.286908
91144000|0.0001|1|2024-04-28 16:32:50.286908
91165000|0.0234|1|2024-04-28 16:32:50.286908
91166000|0.0002|1|2024-04-28 16:32:50.286908
91170000|0.023|1|2024-04-28 16:32:50.286908
91133000|0.5012|0|2024-04-28 16:32:55.401754
91130000|0.0228|0|2024-04-28 16:32:55.401754
91126000|0.0132|0|2024-04-28 16:32:55.401754
91120000|0.0471|0|2024-04-28 16:32:55.401754
91119000|0.235|0|2024-04-28 16:32:55.401754
91142000|0.0074|1|2024-04-28 16:32:55.403843
91144000|0.0001|1|2024-04-28 16:32:55.403843
91165000|0.0234|1|2024-04-28 16:32:55.403843
91166000|0.0002|1|2024-04-28 16:32:55.403843
91176000|0.0002|1|2024-04-28 16:32:55.403843
91137000|0.0055|0|2024-04-28 16:33:00.528759
91133000|0.541|0|2024-04-28 16:33:00.528759
91132000|0.0367|0|2024-04-28 16:33:00.528759
91131000|0.047|0|2024-04-28 16:33:00.528759
91130000|0.2968|0|2024-04-28 16:33:00.528759
91141000|0.0074|1|2024-04-28 16:33:00.531139
91144000|0.0001|1|2024-04-28 16:33:00.531139
91165000|0.0234|1|2024-04-28 16:33:00.531139
91166000|0.0002|1|2024-04-28 16:33:00.531139
91176000|0.0002|1|2024-04-28 16:33:00.531139
91141000|0.0367|0|2024-04-28 16:33:05.665990
91140000|0.0186|0|2024-04-28 16:33:05.665990
91139000|0.1163|0|2024-04-28 16:33:05.665990
91138000|0.0759|0|2024-04-28 16:33:05.665990
91137000|0.0727|0|2024-04-28 16:33:05.665990
91165000|0.0234|1|2024-04-28 16:33:05.668210
91166000|0.0002|1|2024-04-28 16:33:05.668210
91176000|0.0002|1|2024-04-28 16:33:05.668210
91178000|0.1095|1|2024-04-28 16:33:05.668210
91182000|0.0002|1|2024-04-28 16:33:05.668210
91143000|0.0554|0|2024-04-28 16:33:10.808439
91142000|0.0011|0|2024-04-28 16:33:10.808439
91141000|0.0367|0|2024-04-28 16:33:10.808439
91140000|0.0471|0|2024-04-28 16:33:10.808439
91139000|0.1165|0|2024-04-28 16:33:10.808439
91165000|0.0234|1|2024-04-28 16:33:10.810699
91166000|0.0002|1|2024-04-28 16:33:10.810699
91176000|0.0002|1|2024-04-28 16:33:10.810699
91178000|0.1095|1|2024-04-28 16:33:10.810699
91182000|0.0002|1|2024-04-28 16:33:10.810699
91145000|0.0064|0|2024-04-28 16:33:15.925829
91144000|0.0012|0|2024-04-28 16:33:15.925829
91141000|0.0367|0|2024-04-28 16:33:15.925829
91140000|0.0471|0|2024-04-28 16:33:15.925829
91139000|0.1165|0|2024-04-28 16:33:15.925829
91165000|0.0229|1|2024-04-28 16:33:15.928059
91166000|0.0002|1|2024-04-28 16:33:15.928059
91176000|0.0002|1|2024-04-28 16:33:15.928059
91178000|0.1095|1|2024-04-28 16:33:15.928059
91182000|0.0002|1|2024-04-28 16:33:15.928059
91146000|0.0066|0|2024-04-28 16:33:21.046209
91137000|0.0367|0|2024-04-28 16:33:21.046209
91136000|0.0471|0|2024-04-28 16:33:21.046209
91135000|0.4333|0|2024-04-28 16:33:21.046209
91134000|0.058|0|2024-04-28 16:33:21.046209
91165000|0.0229|1|2024-04-28 16:33:21.048445
91166000|0.0002|1|2024-04-28 16:33:21.048445
91176000|0.0002|1|2024-04-28 16:33:21.048445
91178000|0.1095|1|2024-04-28 16:33:21.048445
91182000|0.0002|1|2024-04-28 16:33:21.048445
91148000|0.0064|0|2024-04-28 16:33:26.161519
91135000|0.3788|0|2024-04-28 16:33:26.161519
91134000|0.0222|0|2024-04-28 16:33:26.161519
91133000|0.6984|0|2024-04-28 16:33:26.161519
91132000|0.0145|0|2024-04-28 16:33:26.161519
91165000|0.0229|1|2024-04-28 16:33:26.163831
91166000|0.0002|1|2024-04-28 16:33:26.163831
91176000|0.0002|1|2024-04-28 16:33:26.163831
91178000|0.1095|1|2024-04-28 16:33:26.163831
91182000|0.0002|1|2024-04-28 16:33:26.163831
91149000|0.0054|0|2024-04-28 16:33:31.287305
91148000|0.0001|0|2024-04-28 16:33:31.287305
91133000|0.5529|0|2024-04-28 16:33:31.287305
91124000|0.0367|0|2024-04-28 16:33:31.287305
91123000|0.0471|0|2024-04-28 16:33:31.287305
91165000|0.0223|1|2024-04-28 16:33:31.289351
91166000|0.0002|1|2024-04-28 16:33:31.289351
91175000|0.0002|1|2024-04-28 16:33:31.289351
91176000|0.0002|1|2024-04-28 16:33:31.289351
91178000|0.112|1|2024-04-28 16:33:31.289351
91151000|0.0054|0|2024-04-28 16:33:36.409642
91150000|0.001|0|2024-04-28 16:33:36.409642
91149000|0.0001|0|2024-04-28 16:33:36.409642
91133000|0.5529|0|2024-04-28 16:33:36.409642
91124000|0.0367|0|2024-04-28 16:33:36.409642
91165000|0.0223|1|2024-04-28 16:33:36.411812
91166000|0.0002|1|2024-04-28 16:33:36.411812
91175000|0.0002|1|2024-04-28 16:33:36.411812
91176000|0.0002|1|2024-04-28 16:33:36.411812
91177000|0.0064|1|2024-04-28 16:33:36.411812
91153000|0.0064|0|2024-04-28 16:33:41.528297
91152000|0.001|0|2024-04-28 16:33:41.528297
91151000|0.0002|0|2024-04-28 16:33:41.528297
91133000|0.5529|0|2024-04-28 16:33:41.528297
91122000|0.317|0|2024-04-28 16:33:41.528297
91164000|0.001|1|2024-04-28 16:33:41.530357
91165000|0.0223|1|2024-04-28 16:33:41.530357
91166000|0.0002|1|2024-04-28 16:33:41.530357
91169000|0.0002|1|2024-04-28 16:33:41.530357
91172000|0.0025|1|2024-04-28 16:33:41.530357
91155000|0.001|0|2024-04-28 16:33:46.659224
91154000|0.0064|0|2024-04-28 16:33:46.659224
91153000|0.0001|0|2024-04-28 16:33:46.659224
91133000|0.5529|0|2024-04-28 16:33:46.659224
91118000|0.0367|0|2024-04-28 16:33:46.659224
91165000|0.0223|1|2024-04-28 16:33:46.661301
91166000|0.0002|1|2024-04-28 16:33:46.661301
91169000|0.0002|1|2024-04-28 16:33:46.661301
91172000|0.0025|1|2024-04-28 16:33:46.661301
91175000|0.002|1|2024-04-28 16:33:46.661301
91156000|0.0064|0|2024-04-28 16:33:51.777333
91155000|0.0002|0|2024-04-28 16:33:51.777333
91133000|0.4826|0|2024-04-28 16:33:51.777333
91118000|0.0367|0|2024-04-28 16:33:51.777333
91117000|0.0471|0|2024-04-28 16:33:51.777333
91164000|0.0024|1|2024-04-28 16:33:51.779573
91165000|0.0223|1|2024-04-28 16:33:51.779573
91166000|0.0002|1|2024-04-28 16:33:51.779573
91169000|0.0002|1|2024-04-28 16:33:51.779573
91172000|0.0025|1|2024-04-28 16:33:51.779573
91133000|0.4826|0|2024-04-28 16:33:56.891428
91118000|0.0367|0|2024-04-28 16:33:56.891428
91117000|0.0186|0|2024-04-28 16:33:56.891428
91116000|0.1164|0|2024-04-28 16:33:56.891428
91115000|0.1044|0|2024-04-28 16:33:56.891428
91163000|0.002|1|2024-04-28 16:33:56.893578
91164000|0.0081|1|2024-04-28 16:33:56.893578
91165000|0.0223|1|2024-04-28 16:33:56.893578
91166000|0.0002|1|2024-04-28 16:33:56.893578
91169000|0.0002|1|2024-04-28 16:33:56.893578
91157000|0.0119|0|2024-04-28 16:34:02.011071
91139000|0.0367|0|2024-04-28 16:34:02.011071
91138000|0.0471|0|2024-04-28 16:34:02.011071
91137000|0.1163|0|2024-04-28 16:34:02.011071
91136000|0.158|0|2024-04-28 16:34:02.011071
91162000|0.002|1|2024-04-28 16:34:02.013108
91164000|0.0014|1|2024-04-28 16:34:02.013108
91165000|0.0223|1|2024-04-28 16:34:02.013108
91166000|0.0002|1|2024-04-28 16:34:02.013108
91176000|0.0002|1|2024-04-28 16:34:02.013108
91158000|0.001|0|2024-04-28 16:34:07.126686
91157000|0.0119|0|2024-04-28 16:34:07.126686
91137000|0.0546|0|2024-04-28 16:34:07.126686
91136000|0.0357|0|2024-04-28 16:34:07.126686
91135000|0.0367|0|2024-04-28 16:34:07.126686
91160000|0.0077|1|2024-04-28 16:34:07.129056
91164000|0.0014|1|2024-04-28 16:34:07.129056
91165000|0.0223|1|2024-04-28 16:34:07.129056
91166000|0.0002|1|2024-04-28 16:34:07.129056
91176000|0.0002|1|2024-04-28 16:34:07.129056
91157000|0.0119|0|2024-04-28 16:34:12.240178
91137000|0.0546|0|2024-04-28 16:34:12.240178
91136000|0.0357|0|2024-04-28 16:34:12.240178
91135000|0.0367|0|2024-04-28 16:34:12.240178
91134000|0.1618|0|2024-04-28 16:34:12.240178
91159000|0.0057|1|2024-04-28 16:34:12.242218
91164000|0.0014|1|2024-04-28 16:34:12.242218
91165000|0.0223|1|2024-04-28 16:34:12.242218
91166000|0.0002|1|2024-04-28 16:34:12.242218
91176000|0.0002|1|2024-04-28 16:34:12.242218
91157000|0.0119|0|2024-04-28 16:34:17.372219
91140000|0.0546|0|2024-04-28 16:34:17.372219
91139000|0.0724|0|2024-04-28 16:34:17.372219
91138000|0.1473|0|2024-04-28 16:34:17.372219
91137000|0.1399|0|2024-04-28 16:34:17.372219
91158000|0.0057|1|2024-04-28 16:34:17.374284
91164000|0.0014|1|2024-04-28 16:34:17.374284
91165000|0.0223|1|2024-04-28 16:34:17.374284
91166000|0.0002|1|2024-04-28 16:34:17.374284
91176000|0.0002|1|2024-04-28 16:34:17.374284
91157000|0.0105|0|2024-04-28 16:34:22.490609
91155000|0.0001|0|2024-04-28 16:34:22.490609
91140000|0.0546|0|2024-04-28 16:34:22.490609
91139000|0.0724|0|2024-04-28 16:34:22.490609
91138000|0.1473|0|2024-04-28 16:34:22.490609
91158000|0.0077|1|2024-04-28 16:34:22.493114
91164000|0.0014|1|2024-04-28 16:34:22.493114
91165000|0.0223|1|2024-04-28 16:34:22.493114
91166000|0.0002|1|2024-04-28 16:34:22.493114
91176000|0.0005|1|2024-04-28 16:34:22.493114
91157000|0.1989|0|2024-04-28 16:34:27.621190
91155000|0.0003|0|2024-04-28 16:34:27.621190
91140000|0.0546|0|2024-04-28 16:34:27.621190
91139000|0.0724|0|2024-04-28 16:34:27.621190
91138000|0.1471|0|2024-04-28 16:34:27.621190
91158000|0.0077|1|2024-04-28 16:34:27.623265
91164000|0.0014|1|2024-04-28 16:34:27.623265
91165000|0.0223|1|2024-04-28 16:34:27.623265
91166000|0.0002|1|2024-04-28 16:34:27.623265
91176000|0.0005|1|2024-04-28 16:34:27.623265
91157000|0.1112|0|2024-04-28 16:34:32.736641
91155000|0.0001|0|2024-04-28 16:34:32.736641
91140000|0.0546|0|2024-04-28 16:34:32.736641
91139000|0.0724|0|2024-04-28 16:34:32.736641
91138000|0.1471|0|2024-04-28 16:34:32.736641
91158000|0.0077|1|2024-04-28 16:34:32.738685
91164000|0.0014|1|2024-04-28 16:34:32.738685
91165000|0.0223|1|2024-04-28 16:34:32.738685
91166000|0.0002|1|2024-04-28 16:34:32.738685
91176000|0.0005|1|2024-04-28 16:34:32.738685
91157000|0.1036|0|2024-04-28 16:34:37.850048
91155000|0.0001|0|2024-04-28 16:34:37.850048
91140000|0.0546|0|2024-04-28 16:34:37.850048
91139000|0.0726|0|2024-04-28 16:34:37.850048
91138000|0.1471|0|2024-04-28 16:34:37.850048
91158000|0.0057|1|2024-04-28 16:34:37.852234
91165000|0.0223|1|2024-04-28 16:34:37.852234
91166000|0.0002|1|2024-04-28 16:34:37.852234
91176000|0.0005|1|2024-04-28 16:34:37.852234
91178000|0.1095|1|2024-04-28 16:34:37.852234
91191000|0.001|0|2024-04-28 16:34:42.969909
91190000|0.1029|0|2024-04-28 16:34:42.969909
91188000|0.0001|0|2024-04-28 16:34:42.969909
91183000|0.0692|0|2024-04-28 16:34:42.969909
91182000|0.1287|0|2024-04-28 16:34:42.969909
91198000|0.0019|1|2024-04-28 16:34:42.971969
91199000|0.027|1|2024-04-28 16:34:42.971969
91200000|0.0353|1|2024-04-28 16:34:42.971969
91223000|0.012|1|2024-04-28 16:34:42.971969
91225000|0.0002|1|2024-04-28 16:34:42.971969
91192000|0.1028|0|2024-04-28 16:34:48.087452
91191000|0.0002|0|2024-04-28 16:34:48.087452
91183000|0.0692|0|2024-04-28 16:34:48.087452
91182000|0.1287|0|2024-04-28 16:34:48.087452
91181000|0.1396|0|2024-04-28 16:34:48.087452
91198000|0.0054|1|2024-04-28 16:34:48.089470
91199000|0.0216|1|2024-04-28 16:34:48.089470
91200000|0.0353|1|2024-04-28 16:34:48.089470
91223000|0.012|1|2024-04-28 16:34:48.089470
91225000|0.0002|1|2024-04-28 16:34:48.089470
91193000|0.1019|0|2024-04-28 16:34:53.201684
91183000|0.0692|0|2024-04-28 16:34:53.201684
91182000|0.1287|0|2024-04-28 16:34:53.201684
91181000|0.1394|0|2024-04-28 16:34:53.201684
91180000|0.0587|0|2024-04-28 16:34:53.201684
91198000|0.0054|1|2024-04-28 16:34:53.203770
91199000|0.0216|1|2024-04-28 16:34:53.203770
91200000|0.0353|1|2024-04-28 16:34:53.203770
91223000|0.012|1|2024-04-28 16:34:53.203770
91225000|0.0002|1|2024-04-28 16:34:53.203770
91194000|0.1019|0|2024-04-28 16:34:58.317285
91183000|0.0692|0|2024-04-28 16:34:58.317285
91182000|0.1287|0|2024-04-28 16:34:58.317285
91181000|0.1394|0|2024-04-28 16:34:58.317285
91180000|0.0587|0|2024-04-28 16:34:58.317285
91198000|0.0054|1|2024-04-28 16:34:58.319391
91199000|0.0216|1|2024-04-28 16:34:58.319391
91200000|0.0353|1|2024-04-28 16:34:58.319391
91223000|0.012|1|2024-04-28 16:34:58.319391
91225000|0.0002|1|2024-04-28 16:34:58.319391
91196000|0.001|0|2024-04-28 16:35:03.434292
91195000|0.1019|0|2024-04-28 16:35:03.434292
91183000|0.0692|0|2024-04-28 16:35:03.434292
91182000|0.1287|0|2024-04-28 16:35:03.434292
91181000|0.1396|0|2024-04-28 16:35:03.434292
91198000|0.0054|1|2024-04-28 16:35:03.436513
91199000|0.0216|1|2024-04-28 16:35:03.436513
91200000|0.0353|1|2024-04-28 16:35:03.436513
91223000|0.012|1|2024-04-28 16:35:03.436513
91225000|0.0002|1|2024-04-28 16:35:03.436513
91197000|0.001|0|2024-04-28 16:35:08.560342
91190000|0.0325|0|2024-04-28 16:35:08.560342
91189000|0.0367|0|2024-04-28 16:35:08.560342
91188000|0.0287|0|2024-04-28 16:35:08.560342
91187000|0.0761|0|2024-04-28 16:35:08.560342
91198000|0.0054|1|2024-04-28 16:35:08.562501
91199000|0.0216|1|2024-04-28 16:35:08.562501
91200000|0.0353|1|2024-04-28 16:35:08.562501
91223000|0.012|1|2024-04-28 16:35:08.562501
91225000|0.0002|1|2024-04-28 16:35:08.562501
91197000|0.1029|0|2024-04-28 16:35:13.689857
91181000|0.0325|0|2024-04-28 16:35:13.689857
91180000|0.3537|0|2024-04-28 16:35:13.689857
91179000|0.0432|0|2024-04-28 16:35:13.689857
91178000|0.1203|0|2024-04-28 16:35:13.689857
91198000|0.0054|1|2024-04-28 16:35:13.692319
91199000|0.0216|1|2024-04-28 16:35:13.692319
91200000|0.0353|1|2024-04-28 16:35:13.692319
91212000|0.1095|1|2024-04-28 16:35:13.692319
91223000|0.012|1|2024-04-28 16:35:13.692319
91197000|0.1029|0|2024-04-28 16:35:18.809766
91180000|0.3172|0|2024-04-28 16:35:18.809766
91178000|0.0324|0|2024-04-28 16:35:18.809766
91177000|0.0286|0|2024-04-28 16:35:18.809766
91176000|0.0616|0|2024-04-28 16:35:18.809766
91198000|0.0054|1|2024-04-28 16:35:18.811975
91199000|0.0216|1|2024-04-28 16:35:18.811975
91200000|0.0353|1|2024-04-28 16:35:18.811975
91223000|0.012|1|2024-04-28 16:35:18.811975
91225000|0.0002|1|2024-04-28 16:35:18.811975
91197000|0.0948|0|2024-04-28 16:35:23.945083
91180000|0.0002|0|2024-04-28 16:35:23.945083
91164000|0.0324|0|2024-04-28 16:35:23.945083
91162000|0.0285|0|2024-04-28 16:35:23.945083
91161000|0.0366|0|2024-04-28 16:35:23.945083
91198000|0.0044|1|2024-04-28 16:35:23.947295
91199000|0.0216|1|2024-04-28 16:35:23.947295
91200000|0.0353|1|2024-04-28 16:35:23.947295
91218000|0.0382|1|2024-04-28 16:35:23.947295
91220000|0.0261|1|2024-04-28 16:35:23.947295
91158000|0.008|0|2024-04-28 16:35:29.065739
91151000|0.0002|0|2024-04-28 16:35:29.065739
91146000|0.0359|0|2024-04-28 16:35:29.065739
91138000|0.0001|0|2024-04-28 16:35:29.065739
91136000|0.0002|0|2024-04-28 16:35:29.065739
91191000|0.0309|1|2024-04-28 16:35:29.068071
91192000|0.0665|1|2024-04-28 16:35:29.068071
91193000|0.0033|1|2024-04-28 16:35:29.068071
91195000|0.0001|1|2024-04-28 16:35:29.068071
91196000|0.0412|1|2024-04-28 16:35:29.068071
91158000|0.008|0|2024-04-28 16:35:34.207460
91151000|0.0002|0|2024-04-28 16:35:34.207460
91134000|0.0001|0|2024-04-28 16:35:34.207460
91133000|0.4826|0|2024-04-28 16:35:34.207460
91126000|0.317|0|2024-04-28 16:35:34.207460
91174000|0.0143|1|2024-04-28 16:35:34.209498
91175000|0.0589|1|2024-04-28 16:35:34.209498
91176000|0.0383|1|2024-04-28 16:35:34.209498
91177000|0.0053|1|2024-04-28 16:35:34.209498
91178000|0.0614|1|2024-04-28 16:35:34.209498
91158000|0.544|0|2024-04-28 16:35:39.330034
91151000|0.0002|0|2024-04-28 16:35:39.330034
91134000|0.0001|0|2024-04-28 16:35:39.330034
91133000|0.4824|0|2024-04-28 16:35:39.330034
91126000|0.317|0|2024-04-28 16:35:39.330034
91173000|0.0064|1|2024-04-28 16:35:39.332221
91174000|0.1021|1|2024-04-28 16:35:39.332221
91175000|0.0588|1|2024-04-28 16:35:39.332221
91176000|0.0383|1|2024-04-28 16:35:39.332221
91177000|0.0053|1|2024-04-28 16:35:39.332221
91159000|0.001|0|2024-04-28 16:35:44.464557
91158000|0.5421|0|2024-04-28 16:35:44.464557
91151000|0.0002|0|2024-04-28 16:35:44.464557
91134000|0.0001|0|2024-04-28 16:35:44.464557
91133000|0.4824|0|2024-04-28 16:35:44.464557
91172000|0.0044|1|2024-04-28 16:35:44.466620
91174000|0.1021|1|2024-04-28 16:35:44.466620
91175000|0.0588|1|2024-04-28 16:35:44.466620
91176000|0.0383|1|2024-04-28 16:35:44.466620
91177000|0.0053|1|2024-04-28 16:35:44.466620
91159000|0.001|0|2024-04-28 16:35:49.586323
91158000|0.5421|0|2024-04-28 16:35:49.586323
91151000|0.0002|0|2024-04-28 16:35:49.586323
91134000|0.0001|0|2024-04-28 16:35:49.586323
91133000|0.4824|0|2024-04-28 16:35:49.586323
91171000|0.0044|1|2024-04-28 16:35:49.588379
91174000|0.1021|1|2024-04-28 16:35:49.588379
91175000|0.0588|1|2024-04-28 16:35:49.588379
91176000|0.0383|1|2024-04-28 16:35:49.588379
91177000|0.0053|1|2024-04-28 16:35:49.588379
91159000|0.0006|0|2024-04-28 16:35:54.700770
91158000|0.5421|0|2024-04-28 16:35:54.700770
91151000|0.0002|0|2024-04-28 16:35:54.700770
91134000|0.0001|0|2024-04-28 16:35:54.700770
91133000|0.4826|0|2024-04-28 16:35:54.700770
91169000|0.2064|1|2024-04-28 16:35:54.702795
91174000|0.1021|1|2024-04-28 16:35:54.702795
91175000|0.0588|1|2024-04-28 16:35:54.702795
91176000|0.0383|1|2024-04-28 16:35:54.702795
91177000|0.0053|1|2024-04-28 16:35:54.702795
91158000|0.5225|0|2024-04-28 16:35:59.817212
91151000|0.0002|0|2024-04-28 16:35:59.817212
91134000|0.0001|0|2024-04-28 16:35:59.817212
91133000|0.0001|0|2024-04-28 16:35:59.817212
91121000|0.0692|0|2024-04-28 16:35:59.817212
91168000|0.0064|1|2024-04-28 16:35:59.819273
91169000|0.1993|1|2024-04-28 16:35:59.819273
91174000|0.1021|1|2024-04-28 16:35:59.819273
91175000|0.0588|1|2024-04-28 16:35:59.819273
91176000|0.0383|1|2024-04-28 16:35:59.819273
91169000|0.2728|0|2024-04-28 16:36:04.931862
91158000|0.516|0|2024-04-28 16:36:04.931862
91134000|0.0001|0|2024-04-28 16:36:04.931862
91133000|0.0001|0|2024-04-28 16:36:04.931862
91121000|0.0692|0|2024-04-28 16:36:04.931862
91174000|0.1262|1|2024-04-28 16:36:04.934007
91175000|0.0279|1|2024-04-28 16:36:04.934007
91176000|0.0383|1|2024-04-28 16:36:04.934007
91177000|0.0053|1|2024-04-28 16:36:04.934007
91178000|0.0265|1|2024-04-28 16:36:04.934007
91169000|0.2481|0|2024-04-28 16:36:10.050836
91158000|0.516|0|2024-04-28 16:36:10.050836
91137000|0.317|0|2024-04-28 16:36:10.050836
91134000|0.0001|0|2024-04-28 16:36:10.050836
91133000|0.0001|0|2024-04-28 16:36:10.050836
91174000|0.0951|1|2024-04-28 16:36:10.053089
91183000|0.0309|1|2024-04-28 16:36:10.053089
91184000|0.0033|1|2024-04-28 16:36:10.053089
91185000|0.0241|1|2024-04-28 16:36:10.053089
91186000|0.0382|1|2024-04-28 16:36:10.053089
91169000|0.247|0|2024-04-28 16:36:15.169451
91158000|0.5161|0|2024-04-28 16:36:15.169451
91137000|0.317|0|2024-04-28 16:36:15.169451
91134000|0.0001|0|2024-04-28 16:36:15.169451
91133000|0.0001|0|2024-04-28 16:36:15.169451
91174000|0.095|1|2024-04-28 16:36:15.171538
91183000|0.0309|1|2024-04-28 16:36:15.171538
91184000|0.0033|1|2024-04-28 16:36:15.171538
91185000|0.0241|1|2024-04-28 16:36:15.171538
91186000|0.0382|1|2024-04-28 16:36:15.171538
91170000|0.0055|0|2024-04-28 16:36:20.289952
91169000|0.239|0|2024-04-28 16:36:20.289952
91158000|0.5528|0|2024-04-28 16:36:20.289952
91157000|0.029|0|2024-04-28 16:36:20.289952
91156000|0.0761|0|2024-04-28 16:36:20.289952
91174000|0.095|1|2024-04-28 16:36:20.292104
91199000|0.0216|1|2024-04-28 16:36:20.292104
91200000|0.0353|1|2024-04-28 16:36:20.292104
91208000|0.0309|1|2024-04-28 16:36:20.292104
91210000|0.0033|1|2024-04-28 16:36:20.292104
91170000|0.004|0|2024-04-28 16:36:25.408350
91169000|0.239|0|2024-04-28 16:36:25.408350
91158000|0.5162|0|2024-04-28 16:36:25.408350
91140000|0.0367|0|2024-04-28 16:36:25.408350
91139000|0.317|0|2024-04-28 16:36:25.408350
91173000|0.002|1|2024-04-28 16:36:25.410533
91174000|0.095|1|2024-04-28 16:36:25.410533
91191000|0.0309|1|2024-04-28 16:36:25.410533
91192000|0.0033|1|2024-04-28 16:36:25.410533
91193000|0.0241|1|2024-04-28 16:36:25.410533
91171000|0.004|0|2024-04-28 16:36:30.535697
91170000|0.001|0|2024-04-28 16:36:30.535697
91169000|0.239|0|2024-04-28 16:36:30.535697
91158000|0.5162|0|2024-04-28 16:36:30.535697
91139000|0.317|0|2024-04-28 16:36:30.535697
91173000|0.002|1|2024-04-28 16:36:30.537706
91174000|0.095|1|2024-04-28 16:36:30.537706
91186000|0.0309|1|2024-04-28 16:36:30.537706
91188000|0.0033|1|2024-04-28 16:36:30.537706
91189000|0.0241|1|2024-04-28 16:36:30.537706
91158000|0.3444|0|2024-04-28 16:36:35.651803
91134000|0.0001|0|2024-04-28 16:36:35.651803
91133000|0.0001|0|2024-04-28 16:36:35.651803
91104000|0.0448|0|2024-04-28 16:36:35.651803
91098000|0.0484|0|2024-04-28 16:36:35.651803
91159000|0.0075|1|2024-04-28 16:36:35.653927
91164000|0.2098|1|2024-04-28 16:36:35.653927
91165000|0.0373|1|2024-04-28 16:36:35.653927
91170000|0.0301|1|2024-04-28 16:36:35.653927
91172000|0.0002|1|2024-04-28 16:36:35.653927
91158000|0.0|0|2024-04-28 16:36:40.781202
91134000|0.0001|0|2024-04-28 16:36:40.781202
91133000|0.0001|0|2024-04-28 16:36:40.781202
91104000|0.0448|0|2024-04-28 16:36:40.781202
91098000|0.0888|0|2024-04-28 16:36:40.781202
91159000|0.0075|1|2024-04-28 16:36:40.783272
91164000|0.0552|1|2024-04-28 16:36:40.783272
91165000|0.0373|1|2024-04-28 16:36:40.783272
91169000|0.0616|1|2024-04-28 16:36:40.783272
91170000|0.0301|1|2024-04-28 16:36:40.783272
91158000|0.0|0|2024-04-28 16:36:45.907318
91135000|0.001|0|2024-04-28 16:36:45.907318
91134000|0.0012|0|2024-04-28 16:36:45.907318
91133000|0.0001|0|2024-04-28 16:36:45.907318
91104000|0.0448|0|2024-04-28 16:36:45.907318
91159000|0.0075|1|2024-04-28 16:36:45.909358
91164000|0.0552|1|2024-04-28 16:36:45.909358
91165000|0.0373|1|2024-04-28 16:36:45.909358
91170000|0.0301|1|2024-04-28 16:36:45.909358
91172000|0.0618|1|2024-04-28 16:36:45.909358
91158000|0.0|0|2024-04-28 16:36:51.049634
91135000|0.002|0|2024-04-28 16:36:51.049634
91134000|0.0012|0|2024-04-28 16:36:51.049634
91133000|0.0001|0|2024-04-28 16:36:51.049634
91104000|0.0448|0|2024-04-28 16:36:51.049634
91159000|0.0055|1|2024-04-28 16:36:51.051874
91164000|0.0552|1|2024-04-28 16:36:51.051874
91165000|0.0435|1|2024-04-28 16:36:51.051874
91170000|0.0301|1|2024-04-28 16:36:51.051874
91172000|0.0002|1|2024-04-28 16:36:51.051874
91158000|0.0|0|2024-04-28 16:36:56.178162
91135000|0.002|0|2024-04-28 16:36:56.178162
91134000|0.0012|0|2024-04-28 16:36:56.178162
91133000|0.0001|0|2024-04-28 16:36:56.178162
91104000|0.0448|0|2024-04-28 16:36:56.178162
91159000|0.0156|1|2024-04-28 16:36:56.180245
91164000|0.0552|1|2024-04-28 16:36:56.180245
91165000|0.0373|1|2024-04-28 16:36:56.180245
91168000|0.0062|1|2024-04-28 16:36:56.180245
91170000|0.0301|1|2024-04-28 16:36:56.180245
91158000|0.0|0|2024-04-28 16:37:01.295125
91135000|0.002|0|2024-04-28 16:37:01.295125
91134000|0.0012|0|2024-04-28 16:37:01.295125
91133000|0.0001|0|2024-04-28 16:37:01.295125
91104000|0.0448|0|2024-04-28 16:37:01.295125
91159000|0.0174|1|2024-04-28 16:37:01.297295
91164000|0.0552|1|2024-04-28 16:37:01.297295
91165000|0.0373|1|2024-04-28 16:37:01.297295
91170000|0.0301|1|2024-04-28 16:37:01.297295
91172000|0.0002|1|2024-04-28 16:37:01.297295
91158000|0.0|0|2024-04-28 16:37:06.405998
91135000|0.002|0|2024-04-28 16:37:06.405998
91134000|0.0012|0|2024-04-28 16:37:06.405998
91133000|0.0001|0|2024-04-28 16:37:06.405998
91100000|0.0448|0|2024-04-28 16:37:06.405998
91159000|0.0174|1|2024-04-28 16:37:06.408044
91160000|0.0552|1|2024-04-28 16:37:06.408044
91165000|0.0301|1|2024-04-28 16:37:06.408044
91167000|0.0373|1|2024-04-28 16:37:06.408044
91172000|0.0002|1|2024-04-28 16:37:06.408044
91158000|0.0329|0|2024-04-28 16:37:11.529150
91135000|0.002|0|2024-04-28 16:37:11.529150
91134000|0.0012|0|2024-04-28 16:37:11.529150
91133000|0.0001|0|2024-04-28 16:37:11.529150
91101000|0.1164|0|2024-04-28 16:37:11.529150
91159000|0.0174|1|2024-04-28 16:37:11.531229
91160000|0.0552|1|2024-04-28 16:37:11.531229
91165000|0.0301|1|2024-04-28 16:37:11.531229
91167000|0.0373|1|2024-04-28 16:37:11.531229
91172000|0.0002|1|2024-04-28 16:37:11.531229
91159000|0.1935|0|2024-04-28 16:37:16.658954
91158000|0.0234|0|2024-04-28 16:37:16.658954
91135000|0.002|0|2024-04-28 16:37:16.658954
91134000|0.0012|0|2024-04-28 16:37:16.658954
91133000|0.0001|0|2024-04-28 16:37:16.658954
91173000|0.0607|1|2024-04-28 16:37:16.661161
91174000|0.095|1|2024-04-28 16:37:16.661161
91178000|0.0062|1|2024-04-28 16:37:16.661161
91198000|0.0594|1|2024-04-28 16:37:16.661161
91199000|0.0216|1|2024-04-28 16:37:16.661161
91160000|0.0054|0|2024-04-28 16:37:21.788991
91159000|0.1848|0|2024-04-28 16:37:21.788991
91158000|0.0236|0|2024-04-28 16:37:21.788991
91135000|0.002|0|2024-04-28 16:37:21.788991
91134000|0.0012|0|2024-04-28 16:37:21.788991
91198000|0.0612|1|2024-04-28 16:37:21.791230
91199000|0.0216|1|2024-04-28 16:37:21.791230
91200000|0.9353|1|2024-04-28 16:37:21.791230
91210000|0.0571|1|2024-04-28 16:37:21.791230
91221000|0.317|1|2024-04-28 16:37:21.791230
91161000|0.0032|0|2024-04-28 16:37:26.911246
91160000|0.0001|0|2024-04-28 16:37:26.911246
91159000|0.1848|0|2024-04-28 16:37:26.911246
91158000|0.0236|0|2024-04-28 16:37:26.911246
91135000|0.001|0|2024-04-28 16:37:26.911246
91196000|0.002|1|2024-04-28 16:37:26.913358
91198000|0.0002|1|2024-04-28 16:37:26.913358
91199000|0.0216|1|2024-04-28 16:37:26.913358
91200000|0.9353|1|2024-04-28 16:37:26.913358
91205000|0.1095|1|2024-04-28 16:37:26.913358
91161000|0.0033|0|2024-04-28 16:37:32.024859
91159000|0.1848|0|2024-04-28 16:37:32.024859
91158000|0.0236|0|2024-04-28 16:37:32.024859
91135000|0.001|0|2024-04-28 16:37:32.024859
91134000|0.0001|0|2024-04-28 16:37:32.024859
91196000|0.002|1|2024-04-28 16:37:32.027017
91197000|0.05|1|2024-04-28 16:37:32.027017
91198000|0.0611|1|2024-04-28 16:37:32.027017
91199000|0.0216|1|2024-04-28 16:37:32.027017
91200000|0.9353|1|2024-04-28 16:37:32.027017
91159000|0.0925|0|2024-04-28 16:37:37.139793
91158000|0.0236|0|2024-04-28 16:37:37.139793
91135000|0.001|0|2024-04-28 16:37:37.139793
91134000|0.0001|0|2024-04-28 16:37:37.139793
91133000|0.0001|0|2024-04-28 16:37:37.139793
91196000|0.002|1|2024-04-28 16:37:37.142011
91197000|0.05|1|2024-04-28 16:37:37.142011
91198000|0.0002|1|2024-04-28 16:37:37.142011
91199000|0.0216|1|2024-04-28 16:37:37.142011
91200000|0.9353|1|2024-04-28 16:37:37.142011
91161000|0.0001|0|2024-04-28 16:37:42.256111
91160000|0.001|0|2024-04-28 16:37:42.256111
91159000|0.0925|0|2024-04-28 16:37:42.256111
91158000|0.0236|0|2024-04-28 16:37:42.256111
91135000|0.001|0|2024-04-28 16:37:42.256111
91195000|0.0274|1|2024-04-28 16:37:42.258277
91197000|0.05|1|2024-04-28 16:37:42.258277
91198000|0.0002|1|2024-04-28 16:37:42.258277
91199000|0.0216|1|2024-04-28 16:37:42.258277
91200000|0.0353|1|2024-04-28 16:37:42.258277
91160000|0.0004|0|2024-04-28 16:37:47.421050
91159000|0.0925|0|2024-04-28 16:37:47.421050
91158000|0.0236|0|2024-04-28 16:37:47.421050
91135000|0.001|0|2024-04-28 16:37:47.421050
91134000|0.0001|0|2024-04-28 16:37:47.421050
91194000|0.0076|1|2024-04-28 16:37:47.423247
91195000|0.02|1|2024-04-28 16:37:47.423247
91197000|0.05|1|2024-04-28 16:37:47.423247
91198000|0.0002|1|2024-04-28 16:37:47.423247
91199000|0.0216|1|2024-04-28 16:37:47.423247
91159000|0.0931|0|2024-04-28 16:37:52.540928
91158000|0.0236|0|2024-04-28 16:37:52.540928
91137000|0.1169|0|2024-04-28 16:37:52.540928
91136000|0.0769|0|2024-04-28 16:37:52.540928
91135000|0.054|0|2024-04-28 16:37:52.540928
91194000|0.0056|1|2024-04-28 16:37:52.543150
91195000|0.02|1|2024-04-28 16:37:52.543150
91196000|0.0188|1|2024-04-28 16:37:52.543150
91197000|0.05|1|2024-04-28 16:37:52.543150
91198000|0.0002|1|2024-04-28 16:37:52.543150
91159000|0.0931|0|2024-04-28 16:37:57.668637
91158000|0.0236|0|2024-04-28 16:37:57.668637
91137000|0.1169|0|2024-04-28 16:37:57.668637
91136000|0.0769|0|2024-04-28 16:37:57.668637
91135000|0.054|0|2024-04-28 16:37:57.668637
91194000|0.0056|1|2024-04-28 16:37:57.670792
91195000|0.02|1|2024-04-28 16:37:57.670792
91196000|0.0188|1|2024-04-28 16:37:57.670792
91197000|0.05|1|2024-04-28 16:37:57.670792
91198000|0.0002|1|2024-04-28 16:37:57.670792
91160000|0.001|0|2024-04-28 16:38:02.780856
91159000|0.0931|0|2024-04-28 16:38:02.780856
91158000|0.0236|0|2024-04-28 16:38:02.780856
91137000|0.0002|0|2024-04-28 16:38:02.780856
91136000|0.1167|0|2024-04-28 16:38:02.780856
91194000|0.0056|1|2024-04-28 16:38:02.783049
91195000|0.02|1|2024-04-28 16:38:02.783049
91196000|0.0188|1|2024-04-28 16:38:02.783049
91197000|0.05|1|2024-04-28 16:38:02.783049
91198000|0.0002|1|2024-04-28 16:38:02.783049
91194000|0.0338|0|2024-04-28 16:38:07.929006
91160000|0.001|0|2024-04-28 16:38:07.929006
91159000|0.0918|0|2024-04-28 16:38:07.929006
91158000|0.0236|0|2024-04-28 16:38:07.929006
91135000|0.001|0|2024-04-28 16:38:07.929006
91195000|0.02|1|2024-04-28 16:38:07.931126
91196000|0.0188|1|2024-04-28 16:38:07.931126
91197000|0.05|1|2024-04-28 16:38:07.931126
91198000|0.0002|1|2024-04-28 16:38:07.931126
91199000|0.0216|1|2024-04-28 16:38:07.931126
91194000|0.0095|0|2024-04-28 16:38:13.049762
91159000|0.0918|0|2024-04-28 16:38:13.049762
91158000|0.0236|0|2024-04-28 16:38:13.049762
91135000|0.001|0|2024-04-28 16:38:13.049762
91134000|0.0001|0|2024-04-28 16:38:13.049762
91195000|0.02|1|2024-04-28 16:38:13.052164
91196000|0.0188|1|2024-04-28 16:38:13.052164
91197000|0.05|1|2024-04-28 16:38:13.052164
91198000|0.0002|1|2024-04-28 16:38:13.052164
91199000|0.0216|1|2024-04-28 16:38:13.052164
91159000|0.0845|0|2024-04-28 16:38:18.172005
91158000|0.0236|0|2024-04-28 16:38:18.172005
91135000|0.001|0|2024-04-28 16:38:18.172005
91134000|0.0001|0|2024-04-28 16:38:18.172005
91133000|0.0001|0|2024-04-28 16:38:18.172005
91193000|0.0055|1|2024-04-28 16:38:18.174164
91194000|0.0006|1|2024-04-28 16:38:18.174164
91195000|0.02|1|2024-04-28 16:38:18.174164
91196000|0.0188|1|2024-04-28 16:38:18.174164
91197000|0.05|1|2024-04-28 16:38:18.174164
91159000|0.0845|0|2024-04-28 16:38:23.314787
91158000|0.0236|0|2024-04-28 16:38:23.314787
91135000|0.001|0|2024-04-28 16:38:23.314787
91134000|0.0001|0|2024-04-28 16:38:23.314787
91133000|0.0001|0|2024-04-28 16:38:23.314787
91193000|0.0055|1|2024-04-28 16:38:23.317015
91194000|0.0006|1|2024-04-28 16:38:23.317015
91195000|0.02|1|2024-04-28 16:38:23.317015
91196000|0.0188|1|2024-04-28 16:38:23.317015
91197000|0.05|1|2024-04-28 16:38:23.317015
91160000|0.001|0|2024-04-28 16:38:28.456281
91159000|0.0845|0|2024-04-28 16:38:28.456281
91158000|0.0236|0|2024-04-28 16:38:28.456281
91135000|0.001|0|2024-04-28 16:38:28.456281
91134000|0.0001|0|2024-04-28 16:38:28.456281
91193000|0.006|1|2024-04-28 16:38:28.458444
91194000|0.0006|1|2024-04-28 16:38:28.458444
91195000|0.02|1|2024-04-28 16:38:28.458444
91196000|0.0188|1|2024-04-28 16:38:28.458444
91197000|0.05|1|2024-04-28 16:38:28.458444
91160000|0.001|0|2024-04-28 16:38:33.580334
91159000|0.0845|0|2024-04-28 16:38:33.580334
91158000|0.0236|0|2024-04-28 16:38:33.580334
91135000|0.001|0|2024-04-28 16:38:33.580334
91134000|0.0001|0|2024-04-28 16:38:33.580334
91193000|0.006|1|2024-04-28 16:38:33.582521
91194000|0.0006|1|2024-04-28 16:38:33.582521
91195000|0.02|1|2024-04-28 16:38:33.582521
91196000|0.0188|1|2024-04-28 16:38:33.582521
91197000|0.05|1|2024-04-28 16:38:33.582521
91159000|0.0845|0|2024-04-28 16:38:38.697223
91158000|0.0236|0|2024-04-28 16:38:38.697223
91135000|0.001|0|2024-04-28 16:38:38.697223
91134000|0.0001|0|2024-04-28 16:38:38.697223
91133000|0.0001|0|2024-04-28 16:38:38.697223
91193000|0.006|1|2024-04-28 16:38:38.699609
91194000|0.0006|1|2024-04-28 16:38:38.699609
91195000|0.02|1|2024-04-28 16:38:38.699609
91196000|0.0188|1|2024-04-28 16:38:38.699609
91197000|0.05|1|2024-04-28 16:38:38.699609
91159000|0.0845|0|2024-04-28 16:38:43.919758
91158000|0.0236|0|2024-04-28 16:38:43.919758
91135000|0.001|0|2024-04-28 16:38:43.919758
91134000|0.0001|0|2024-04-28 16:38:43.919758
91133000|0.0001|0|2024-04-28 16:38:43.919758
91193000|0.006|1|2024-04-28 16:38:43.921902
91195000|0.02|1|2024-04-28 16:38:43.921902
91196000|0.0188|1|2024-04-28 16:38:43.921902
91197000|0.05|1|2024-04-28 16:38:43.921902
91198000|0.0002|1|2024-04-28 16:38:43.921902
91160000|0.001|0|2024-04-28 16:38:49.078899
91159000|0.0765|0|2024-04-28 16:38:49.078899
91158000|0.0236|0|2024-04-28 16:38:49.078899
91135000|0.001|0|2024-04-28 16:38:49.078899
91134000|0.0001|0|2024-04-28 16:38:49.078899
91193000|0.0059|1|2024-04-28 16:38:49.081043
91195000|0.02|1|2024-04-28 16:38:49.081043
91196000|0.0188|1|2024-04-28 16:38:49.081043
91197000|0.05|1|2024-04-28 16:38:49.081043
91198000|0.0002|1|2024-04-28 16:38:49.081043
91160000|0.0019|0|2024-04-28 16:38:54.199584
91159000|0.0765|0|2024-04-28 16:38:54.199584
91158000|0.0236|0|2024-04-28 16:38:54.199584
91135000|0.001|0|2024-04-28 16:38:54.199584
91134000|0.0001|0|2024-04-28 16:38:54.199584
91165000|0.0054|1|2024-04-28 16:38:54.201777
91166000|0.317|1|2024-04-28 16:38:54.201777
91193000|0.0005|1|2024-04-28 16:38:54.201777
91195000|0.02|1|2024-04-28 16:38:54.201777
91196000|0.0188|1|2024-04-28 16:38:54.201777
91162000|0.001|0|2024-04-28 16:38:59.317519
91161000|0.001|0|2024-04-28 16:38:59.317519
91160000|0.0019|0|2024-04-28 16:38:59.317519
91159000|0.0765|0|2024-04-28 16:38:59.317519
91158000|0.0236|0|2024-04-28 16:38:59.317519
91164000|0.0054|1|2024-04-28 16:38:59.319720
91166000|0.317|1|2024-04-28 16:38:59.319720
91193000|0.0005|1|2024-04-28 16:38:59.319720
91195000|0.02|1|2024-04-28 16:38:59.319720
91196000|0.0188|1|2024-04-28 16:38:59.319720
91161000|0.001|0|2024-04-28 16:39:04.442503
91160000|0.0019|0|2024-04-28 16:39:04.442503
91159000|0.0765|0|2024-04-28 16:39:04.442503
91158000|0.0236|0|2024-04-28 16:39:04.442503
91135000|0.001|0|2024-04-28 16:39:04.442503
91164000|0.0054|1|2024-04-28 16:39:04.444589
91166000|0.317|1|2024-04-28 16:39:04.444589
91193000|0.0005|1|2024-04-28 16:39:04.444589
91195000|0.02|1|2024-04-28 16:39:04.444589
91196000|0.0188|1|2024-04-28 16:39:04.444589
91161000|0.001|0|2024-04-28 16:39:09.598745
91160000|0.0|0|2024-04-28 16:39:09.598745
91159000|0.0765|0|2024-04-28 16:39:09.598745
91158000|0.0236|0|2024-04-28 16:39:09.598745
91135000|0.001|0|2024-04-28 16:39:09.598745
91164000|0.0054|1|2024-04-28 16:39:09.601083
91166000|0.317|1|2024-04-28 16:39:09.601083
91193000|0.0005|1|2024-04-28 16:39:09.601083
91195000|0.02|1|2024-04-28 16:39:09.601083
91196000|0.0188|1|2024-04-28 16:39:09.601083
91097000|0.0001|0|2024-04-28 16:39:14.719210
91096000|0.0611|0|2024-04-28 16:39:14.719210
91095000|0.1937|0|2024-04-28 16:39:14.719210
91094000|0.0884|0|2024-04-28 16:39:14.719210
91093000|0.0664|0|2024-04-28 16:39:14.719210
91151000|0.0539|1|2024-04-28 16:39:14.721403
91152000|0.0434|1|2024-04-28 16:39:14.721403
91153000|0.0653|1|2024-04-28 16:39:14.721403
91154000|0.0179|1|2024-04-28 16:39:14.721403
91155000|0.0397|1|2024-04-28 16:39:14.721403
91112000|0.317|0|2024-04-28 16:39:19.878103
91109000|0.0601|0|2024-04-28 16:39:19.878103
91108000|0.1312|0|2024-04-28 16:39:19.878103
91107000|0.1521|0|2024-04-28 16:39:19.878103
91106000|0.0664|0|2024-04-28 16:39:19.878103
91150000|0.0592|1|2024-04-28 16:39:19.880204
91151000|0.0538|1|2024-04-28 16:39:19.880204
91155000|0.0002|1|2024-04-28 16:39:19.880204
91163000|0.0637|1|2024-04-28 16:39:19.880204
91165000|0.0381|1|2024-04-28 16:39:19.880204
91114000|0.001|0|2024-04-28 16:39:24.991298
91113000|0.001|0|2024-04-28 16:39:24.991298
91109000|0.0601|0|2024-04-28 16:39:24.991298
91108000|0.1312|0|2024-04-28 16:39:24.991298
91107000|0.1523|0|2024-04-28 16:39:24.991298
91150000|0.0592|1|2024-04-28 16:39:24.993338
91151000|0.0538|1|2024-04-28 16:39:24.993338
91155000|0.0002|1|2024-04-28 16:39:24.993338
91163000|0.0637|1|2024-04-28 16:39:24.993338
91165000|0.0381|1|2024-04-28 16:39:24.993338
91111000|0.001|0|2024-04-28 16:39:30.132151
91110000|0.001|0|2024-04-28 16:39:30.132151
91109000|0.0601|0|2024-04-28 16:39:30.132151
91108000|0.1312|0|2024-04-28 16:39:30.132151
91107000|0.1523|0|2024-04-28 16:39:30.132151
91150000|0.1092|1|2024-04-28 16:39:30.134147
91151000|0.0538|1|2024-04-28 16:39:30.134147
91155000|0.0002|1|2024-04-28 16:39:30.134147
91163000|0.0637|1|2024-04-28 16:39:30.134147
91165000|0.0381|1|2024-04-28 16:39:30.134147
91110000|0.001|0|2024-04-28 16:39:35.263527
91109000|0.0534|0|2024-04-28 16:39:35.263527
91108000|0.1312|0|2024-04-28 16:39:35.263527
91107000|0.1523|0|2024-04-28 16:39:35.263527
91106000|0.0664|0|2024-04-28 16:39:35.263527
91150000|0.0551|1|2024-04-28 16:39:35.265856
91151000|0.0538|1|2024-04-28 16:39:35.265856
91155000|0.0002|1|2024-04-28 16:39:35.265856
91163000|0.0637|1|2024-04-28 16:39:35.265856
91165000|0.0381|1|2024-04-28 16:39:35.265856
91110000|0.0004|0|2024-04-28 16:39:40.379617
91109000|0.0534|0|2024-04-28 16:39:40.379617
91108000|0.1312|0|2024-04-28 16:39:40.379617
91107000|0.1523|0|2024-04-28 16:39:40.379617
91106000|0.0664|0|2024-04-28 16:39:40.379617
91134000|0.0556|1|2024-04-28 16:39:40.381636
91150000|0.068|1|2024-04-28 16:39:40.381636
91151000|0.0538|1|2024-04-28 16:39:40.381636
91155000|0.0002|1|2024-04-28 16:39:40.381636
91163000|0.0637|1|2024-04-28 16:39:40.381636
91109000|0.0001|0|2024-04-28 16:39:45.495985
91097000|0.3171|0|2024-04-28 16:39:45.495985
91096000|0.1845|0|2024-04-28 16:39:45.495985
91095000|0.152|0|2024-04-28 16:39:45.495985
91093000|0.0664|0|2024-04-28 16:39:45.495985
91110000|0.0569|1|2024-04-28 16:39:45.497999
91132000|0.0603|1|2024-04-28 16:39:45.497999
91150000|0.068|1|2024-04-28 16:39:45.497999
91151000|0.0538|1|2024-04-28 16:39:45.497999
91152000|0.0383|1|2024-04-28 16:39:45.497999
91098000|0.001|0|2024-04-28 16:39:50.608347
91097000|0.0002|0|2024-04-28 16:39:50.608347
91091000|0.1615|0|2024-04-28 16:39:50.608347
91090000|0.064|0|2024-04-28 16:39:50.608347
91089000|0.1114|0|2024-04-28 16:39:50.608347
91109000|0.005|1|2024-04-28 16:39:50.610524
91110000|0.05|1|2024-04-28 16:39:50.610524
91121000|0.057|1|2024-04-28 16:39:50.610524
91132000|0.0603|1|2024-04-28 16:39:50.610524
91148000|0.056|1|2024-04-28 16:39:50.610524
91097000|0.0002|0|2024-04-28 16:39:55.728452
91088000|0.0026|0|2024-04-28 16:39:55.728452
91086000|0.0979|0|2024-04-28 16:39:55.728452
91085000|0.3172|0|2024-04-28 16:39:55.728452
91082000|0.0534|0|2024-04-28 16:39:55.728452
91109000|0.005|1|2024-04-28 16:39:55.730567
91110000|0.05|1|2024-04-28 16:39:55.730567
91121000|0.057|1|2024-04-28 16:39:55.730567
91132000|0.0603|1|2024-04-28 16:39:55.730567
91138000|0.0381|1|2024-04-28 16:39:55.730567
91098000|0.001|0|2024-04-28 16:40:00.883091
91097000|0.0002|0|2024-04-28 16:40:00.883091
91088000|0.0026|0|2024-04-28 16:40:00.883091
91086000|0.0979|0|2024-04-28 16:40:00.883091
91085000|0.3172|0|2024-04-28 16:40:00.883091
91109000|0.005|1|2024-04-28 16:40:00.885310
91110000|0.05|1|2024-04-28 16:40:00.885310
91121000|0.057|1|2024-04-28 16:40:00.885310
91132000|0.0603|1|2024-04-28 16:40:00.885310
91138000|0.0381|1|2024-04-28 16:40:00.885310
91099000|0.001|0|2024-04-28 16:40:05.997466
91098000|0.001|0|2024-04-28 16:40:05.997466
91097000|0.0002|0|2024-04-28 16:40:05.997466
91088000|0.0026|0|2024-04-28 16:40:05.997466
91086000|0.0979|0|2024-04-28 16:40:05.997466
91109000|0.0028|1|2024-04-28 16:40:05.999561
91110000|0.05|1|2024-04-28 16:40:05.999561
91121000|0.057|1|2024-04-28 16:40:05.999561
91132000|0.0782|1|2024-04-28 16:40:05.999561
91133000|0.0397|1|2024-04-28 16:40:05.999561
91099000|0.001|0|2024-04-28 16:40:11.137768
91098000|0.001|0|2024-04-28 16:40:11.137768
91097000|0.0002|0|2024-04-28 16:40:11.137768
91088000|0.0026|0|2024-04-28 16:40:11.137768
91086000|0.0979|0|2024-04-28 16:40:11.137768
91109000|0.0013|1|2024-04-28 16:40:11.139955
91110000|0.05|1|2024-04-28 16:40:11.139955
91121000|0.057|1|2024-04-28 16:40:11.139955
91132000|0.0782|1|2024-04-28 16:40:11.139955
91133000|0.0397|1|2024-04-28 16:40:11.139955
91098000|0.001|0|2024-04-28 16:40:16.305491
91097000|0.0002|0|2024-04-28 16:40:16.305491
91088000|0.0026|0|2024-04-28 16:40:16.305491
91086000|0.0979|0|2024-04-28 16:40:16.305491
91082000|0.0001|0|2024-04-28 16:40:16.305491
91109000|0.0013|1|2024-04-28 16:40:16.307565
91110000|0.05|1|2024-04-28 16:40:16.307565
91121000|0.057|1|2024-04-28 16:40:16.307565
91132000|0.0782|1|2024-04-28 16:40:16.307565
91133000|0.0397|1|2024-04-28 16:40:16.307565
91097000|0.0002|0|2024-04-28 16:40:21.422435
91088000|0.0026|0|2024-04-28 16:40:21.422435
91086000|0.0979|0|2024-04-28 16:40:21.422435
91082000|0.0001|0|2024-04-28 16:40:21.422435
91081000|0.1302|0|2024-04-28 16:40:21.422435
91109000|0.0013|1|2024-04-28 16:40:21.424516
91110000|0.05|1|2024-04-28 16:40:21.424516
91121000|0.057|1|2024-04-28 16:40:21.424516
91132000|0.0782|1|2024-04-28 16:40:21.424516
91133000|0.0397|1|2024-04-28 16:40:21.424516
91099000|0.001|0|2024-04-28 16:40:26.541702
91098000|0.001|0|2024-04-28 16:40:26.541702
91097000|0.0002|0|2024-04-28 16:40:26.541702
91088000|0.0026|0|2024-04-28 16:40:26.541702
91086000|0.0979|0|2024-04-28 16:40:26.541702
91109000|0.0013|1|2024-04-28 16:40:26.543870
91110000|0.05|1|2024-04-28 16:40:26.543870
91121000|0.057|1|2024-04-28 16:40:26.543870
91132000|0.0782|1|2024-04-28 16:40:26.543870
91133000|0.0397|1|2024-04-28 16:40:26.543870
91099000|0.001|0|2024-04-28 16:40:31.673569
91098000|0.001|0|2024-04-28 16:40:31.673569
91097000|0.0002|0|2024-04-28 16:40:31.673569
91088000|0.0026|0|2024-04-28 16:40:31.673569
91086000|0.0979|0|2024-04-28 16:40:31.673569
91109000|0.0013|1|2024-04-28 16:40:31.675866
91110000|0.05|1|2024-04-28 16:40:31.675866
91121000|0.057|1|2024-04-28 16:40:31.675866
91132000|0.0782|1|2024-04-28 16:40:31.675866
91133000|0.0397|1|2024-04-28 16:40:31.675866
91098000|0.001|0|2024-04-28 16:40:36.804339
91097000|0.0002|0|2024-04-28 16:40:36.804339
91094000|0.0001|0|2024-04-28 16:40:36.804339
91092000|0.13|0|2024-04-28 16:40:36.804339
91090000|0.0837|0|2024-04-28 16:40:36.804339
91109000|0.0013|1|2024-04-28 16:40:36.806543
91110000|0.05|1|2024-04-28 16:40:36.806543
91121000|0.057|1|2024-04-28 16:40:36.806543
91132000|0.0603|1|2024-04-28 16:40:36.806543
91144000|0.0179|1|2024-04-28 16:40:36.806543
91097000|0.0003|0|2024-04-28 16:40:41.918123
91096000|0.1298|0|2024-04-28 16:40:41.918123
91095000|0.0002|0|2024-04-28 16:40:41.918123
91094000|0.0411|0|2024-04-28 16:40:41.918123
91093000|0.1311|0|2024-04-28 16:40:41.918123
91109000|0.0013|1|2024-04-28 16:40:41.920312
91110000|0.05|1|2024-04-28 16:40:41.920312
91121000|0.057|1|2024-04-28 16:40:41.920312
91132000|0.0603|1|2024-04-28 16:40:41.920312
91147000|0.0179|1|2024-04-28 16:40:41.920312
91099000|0.001|0|2024-04-28 16:40:47.052452
91098000|0.001|0|2024-04-28 16:40:47.052452
91097000|0.0003|0|2024-04-28 16:40:47.052452
91096000|0.1298|0|2024-04-28 16:40:47.052452
91095000|0.0002|0|2024-04-28 16:40:47.052452
91109000|0.0013|1|2024-04-28 16:40:47.054648
91110000|0.05|1|2024-04-28 16:40:47.054648
91121000|0.057|1|2024-04-28 16:40:47.054648
91132000|0.0603|1|2024-04-28 16:40:47.054648
91147000|0.0179|1|2024-04-28 16:40:47.054648
91099000|0.001|0|2024-04-28 16:40:52.185394
91098000|0.001|0|2024-04-28 16:40:52.185394
91097000|0.0003|0|2024-04-28 16:40:52.185394
91096000|0.1298|0|2024-04-28 16:40:52.185394
91095000|0.0002|0|2024-04-28 16:40:52.185394
91109000|0.0013|1|2024-04-28 16:40:52.187603
91110000|0.05|1|2024-04-28 16:40:52.187603
91121000|0.057|1|2024-04-28 16:40:52.187603
91132000|0.0603|1|2024-04-28 16:40:52.187603
91147000|0.0179|1|2024-04-28 16:40:52.187603
91098000|0.001|0|2024-04-28 16:40:57.318923
91097000|0.0003|0|2024-04-28 16:40:57.318923
91096000|0.1298|0|2024-04-28 16:40:57.318923
91095000|0.0002|0|2024-04-28 16:40:57.318923
91094000|0.0411|0|2024-04-28 16:40:57.318923
91109000|0.0003|1|2024-04-28 16:40:57.320980
91110000|0.05|1|2024-04-28 16:40:57.320980
91121000|0.057|1|2024-04-28 16:40:57.320980
91132000|0.0603|1|2024-04-28 16:40:57.320980
91147000|0.0179|1|2024-04-28 16:40:57.320980
91097000|0.0003|0|2024-04-28 16:41:02.443321
91096000|0.1298|0|2024-04-28 16:41:02.443321
91095000|0.0002|0|2024-04-28 16:41:02.443321
91094000|0.0411|0|2024-04-28 16:41:02.443321
91093000|0.1311|0|2024-04-28 16:41:02.443321
91109000|0.0003|1|2024-04-28 16:41:02.445338
91110000|0.05|1|2024-04-28 16:41:02.445338
91121000|0.057|1|2024-04-28 16:41:02.445338
91132000|0.0603|1|2024-04-28 16:41:02.445338
91147000|0.0179|1|2024-04-28 16:41:02.445338
91109000|0.1297|0|2024-04-28 16:41:07.559333
91099000|0.001|0|2024-04-28 16:41:07.559333
91098000|0.0011|0|2024-04-28 16:41:07.559333
91097000|0.0002|0|2024-04-28 16:41:07.559333
91094000|0.0001|0|2024-04-28 16:41:07.559333
91110000|0.0266|1|2024-04-28 16:41:07.561534
91121000|0.057|1|2024-04-28 16:41:07.561534
91132000|0.0603|1|2024-04-28 16:41:07.561534
91144000|0.0179|1|2024-04-28 16:41:07.561534
91145000|0.0397|1|2024-04-28 16:41:07.561534
91109000|0.3308|0|2024-04-28 16:41:12.690872
91097000|0.0002|0|2024-04-28 16:41:12.690872
91094000|0.0001|0|2024-04-28 16:41:12.690872
91093000|0.0883|0|2024-04-28 16:41:12.690872
91092000|0.1301|0|2024-04-28 16:41:12.690872
91110000|0.0256|1|2024-04-28 16:41:12.693008
91121000|0.057|1|2024-04-28 16:41:12.693008
91132000|0.0603|1|2024-04-28 16:41:12.693008
91144000|0.0179|1|2024-04-28 16:41:12.693008
91145000|0.0397|1|2024-04-28 16:41:12.693008
91109000|0.647|0|2024-04-28 16:41:17.811458
91097000|0.0002|0|2024-04-28 16:41:17.811458
91094000|0.0001|0|2024-04-28 16:41:17.811458
91093000|0.0883|0|2024-04-28 16:41:17.811458
91092000|0.4471|0|2024-04-28 16:41:17.811458
91110000|0.0256|1|2024-04-28 16:41:17.813471
91121000|0.057|1|2024-04-28 16:41:17.813471
91132000|0.0603|1|2024-04-28 16:41:17.813471
91144000|0.0179|1|2024-04-28 16:41:17.813471
91145000|0.0397|1|2024-04-28 16:41:17.813471
91109000|0.332|0|2024-04-28 16:41:22.929344
91098000|0.0126|0|2024-04-28 16:41:22.929344
91097000|0.0014|0|2024-04-28 16:41:22.929344
91096000|0.0001|0|2024-04-28 16:41:22.929344
91095000|0.0751|0|2024-04-28 16:41:22.929344
91110000|0.0256|1|2024-04-28 16:41:22.931422
91132000|0.0603|1|2024-04-28 16:41:22.931422
91150000|0.068|1|2024-04-28 16:41:22.931422
91151000|0.0538|1|2024-04-28 16:41:22.931422
91152000|0.0002|1|2024-04-28 16:41:22.931422
91109000|0.332|0|2024-04-28 16:41:28.070639
91108000|0.0001|0|2024-04-28 16:41:28.070639
91107000|0.13|0|2024-04-28 16:41:28.070639
91106000|0.0884|0|2024-04-28 16:41:28.070639
91105000|0.0304|0|2024-04-28 16:41:28.070639
91110000|0.0246|1|2024-04-28 16:41:28.072860
91132000|0.0603|1|2024-04-28 16:41:28.072860
91150000|0.068|1|2024-04-28 16:41:28.072860
91151000|0.0538|1|2024-04-28 16:41:28.072860
91152000|0.0002|1|2024-04-28 16:41:28.072860
91109000|0.331|0|2024-04-28 16:41:33.190307
91108000|0.0001|0|2024-04-28 16:41:33.190307
91107000|0.13|0|2024-04-28 16:41:33.190307
91106000|0.0884|0|2024-04-28 16:41:33.190307
91105000|0.0304|0|2024-04-28 16:41:33.190307
91110000|0.0241|1|2024-04-28 16:41:33.192471
91132000|0.0603|1|2024-04-28 16:41:33.192471
91150000|0.068|1|2024-04-28 16:41:33.192471
91151000|0.0538|1|2024-04-28 16:41:33.192471
91152000|0.0002|1|2024-04-28 16:41:33.192471
91109000|0.2067|0|2024-04-28 16:41:38.317037
91108000|0.0001|0|2024-04-28 16:41:38.317037
91107000|0.13|0|2024-04-28 16:41:38.317037
91106000|0.0884|0|2024-04-28 16:41:38.317037
91105000|0.0304|0|2024-04-28 16:41:38.317037
91110000|0.0395|1|2024-04-28 16:41:38.319119
91132000|0.0603|1|2024-04-28 16:41:38.319119
91150000|0.068|1|2024-04-28 16:41:38.319119
91151000|0.0538|1|2024-04-28 16:41:38.319119
91152000|0.0002|1|2024-04-28 16:41:38.319119
91109000|0.2057|0|2024-04-28 16:41:43.454649
91103000|0.0228|0|2024-04-28 16:41:43.454649
91102000|0.1073|0|2024-04-28 16:41:43.454649
91101000|0.0884|0|2024-04-28 16:41:43.454649
91099000|0.0304|0|2024-04-28 16:41:43.454649
91110000|0.0395|1|2024-04-28 16:41:43.456679
91132000|0.0603|1|2024-04-28 16:41:43.456679
91150000|0.068|1|2024-04-28 16:41:43.456679
91151000|0.0538|1|2024-04-28 16:41:43.456679
91152000|0.0002|1|2024-04-28 16:41:43.456679
91110000|0.1028|0|2024-04-28 16:41:48.596113
91109000|0.2022|0|2024-04-28 16:41:48.596113
91103000|0.0228|0|2024-04-28 16:41:48.596113
91102000|0.1073|0|2024-04-28 16:41:48.596113
91101000|0.0884|0|2024-04-28 16:41:48.596113
91150000|0.068|1|2024-04-28 16:41:48.598140
91151000|0.0538|1|2024-04-28 16:41:48.598140
91152000|0.0002|1|2024-04-28 16:41:48.598140
91154000|0.0576|1|2024-04-28 16:41:48.598140
91155000|0.0437|1|2024-04-28 16:41:48.598140
91114000|0.001|0|2024-04-28 16:41:53.708225
91113000|0.517|0|2024-04-28 16:41:53.708225
91111000|0.001|0|2024-04-28 16:41:53.708225
91110000|0.0974|0|2024-04-28 16:41:53.708225
91103000|0.0228|0|2024-04-28 16:41:53.708225
91150000|0.068|1|2024-04-28 16:41:53.710310
91151000|0.0538|1|2024-04-28 16:41:53.710310
91152000|0.0002|1|2024-04-28 16:41:53.710310
91154000|0.0576|1|2024-04-28 16:41:53.710310
91155000|0.0437|1|2024-04-28 16:41:53.710310
91115000|0.0064|0|2024-04-28 16:41:58.822653
91114000|0.2004|0|2024-04-28 16:41:58.822653
91113000|0.3172|0|2024-04-28 16:41:58.822653
91110000|0.0972|0|2024-04-28 16:41:58.822653
91103000|0.0228|0|2024-04-28 16:41:58.822653
91150000|0.068|1|2024-04-28 16:41:58.824822
91151000|0.0538|1|2024-04-28 16:41:58.824822
91152000|0.0002|1|2024-04-28 16:41:58.824822
91154000|0.0576|1|2024-04-28 16:41:58.824822
91155000|0.0437|1|2024-04-28 16:41:58.824822
91117000|0.001|0|2024-04-28 16:42:03.976157
91116000|0.2055|0|2024-04-28 16:42:03.976157
91114000|0.0002|0|2024-04-28 16:42:03.976157
91113000|0.317|0|2024-04-28 16:42:03.976157
91110000|0.0972|0|2024-04-28 16:42:03.976157
91150000|0.0242|1|2024-04-28 16:42:03.978272
91151000|0.0538|1|2024-04-28 16:42:03.978272
91152000|0.0002|1|2024-04-28 16:42:03.978272
91154000|0.0576|1|2024-04-28 16:42:03.978272
91155000|0.0437|1|2024-04-28 16:42:03.978272
91119000|0.7423|0|2024-04-28 16:42:09.093334
91118000|0.0001|0|2024-04-28 16:42:09.093334
91116000|0.0002|0|2024-04-28 16:42:09.093334
91101000|0.0884|0|2024-04-28 16:42:09.093334
91100000|0.13|0|2024-04-28 16:42:09.093334
91150000|0.0759|1|2024-04-28 16:42:09.095394
91151000|0.0816|1|2024-04-28 16:42:09.095394
91152000|0.0002|1|2024-04-28 16:42:09.095394
91154000|0.0001|1|2024-04-28 16:42:09.095394
91155000|0.0002|1|2024-04-28 16:42:09.095394
91121000|0.0054|0|2024-04-28 16:42:14.226240
91120000|0.0001|0|2024-04-28 16:42:14.226240
91119000|0.5369|0|2024-04-28 16:42:14.226240
91101000|0.0884|0|2024-04-28 16:42:14.226240
91100000|0.13|0|2024-04-28 16:42:14.226240
91150000|0.0759|1|2024-04-28 16:42:14.228285
91151000|0.0816|1|2024-04-28 16:42:14.228285
91152000|0.0002|1|2024-04-28 16:42:14.228285
91154000|0.0001|1|2024-04-28 16:42:14.228285
91155000|0.0002|1|2024-04-28 16:42:14.228285
91123000|0.001|0|2024-04-28 16:42:19.348602
91122000|0.2011|0|2024-04-28 16:42:19.348602
91121000|0.0056|0|2024-04-28 16:42:19.348602
91119000|0.5367|0|2024-04-28 16:42:19.348602
91101000|0.0884|0|2024-04-28 16:42:19.348602
91150000|0.0759|1|2024-04-28 16:42:19.350721
91151000|0.0816|1|2024-04-28 16:42:19.350721
91152000|0.0002|1|2024-04-28 16:42:19.350721
91154000|0.0001|1|2024-04-28 16:42:19.350721
91155000|0.0002|1|2024-04-28 16:42:19.350721
91124000|0.001|0|2024-04-28 16:42:24.469726
91123000|0.0001|0|2024-04-28 16:42:24.469726
91122000|0.0002|0|2024-04-28 16:42:24.469726
91121000|0.0064|0|2024-04-28 16:42:24.469726
91119000|0.5367|0|2024-04-28 16:42:24.469726
91150000|0.0759|1|2024-04-28 16:42:24.472020
91151000|0.0816|1|2024-04-28 16:42:24.472020
91152000|0.0002|1|2024-04-28 16:42:24.472020
91154000|0.0001|1|2024-04-28 16:42:24.472020
91155000|0.0002|1|2024-04-28 16:42:24.472020
91125000|0.2002|0|2024-04-28 16:42:29.613655
91124000|0.0002|0|2024-04-28 16:42:29.613655
91121000|0.0064|0|2024-04-28 16:42:29.613655
91102000|0.052|0|2024-04-28 16:42:29.613655
91101000|0.0884|0|2024-04-28 16:42:29.613655
91150000|0.0759|1|2024-04-28 16:42:29.616006
91151000|0.0816|1|2024-04-28 16:42:29.616006
91152000|0.0002|1|2024-04-28 16:42:29.616006
91154000|0.0001|1|2024-04-28 16:42:29.616006
91155000|0.0002|1|2024-04-28 16:42:29.616006
91127000|0.001|0|2024-04-28 16:42:34.724400
91126000|0.7377|0|2024-04-28 16:42:34.724400
91125000|0.0004|0|2024-04-28 16:42:34.724400
91124000|0.0002|0|2024-04-28 16:42:34.724400
91121000|0.0064|0|2024-04-28 16:42:34.724400
91150000|0.0759|1|2024-04-28 16:42:34.726560
91151000|0.0816|1|2024-04-28 16:42:34.726560
91152000|0.0002|1|2024-04-28 16:42:34.726560
91154000|0.0001|1|2024-04-28 16:42:34.726560
91155000|0.0002|1|2024-04-28 16:42:34.726560
91150000|0.2276|0|2024-04-28 16:42:39.839283
91127000|0.0003|0|2024-04-28 16:42:39.839283
91126000|0.5367|0|2024-04-28 16:42:39.839283
91121000|0.001|0|2024-04-28 16:42:39.839283
91101000|0.0884|0|2024-04-28 16:42:39.839283
91151000|0.0816|1|2024-04-28 16:42:39.841347
91152000|0.0002|1|2024-04-28 16:42:39.841347
91154000|0.0001|1|2024-04-28 16:42:39.841347
91155000|0.0002|1|2024-04-28 16:42:39.841347
91168000|0.0247|1|2024-04-28 16:42:39.841347
91150000|0.2269|0|2024-04-28 16:42:44.961816
91127000|0.0002|0|2024-04-28 16:42:44.961816
91126000|0.5367|0|2024-04-28 16:42:44.961816
91121000|0.001|0|2024-04-28 16:42:44.961816
91101000|0.0884|0|2024-04-28 16:42:44.961816
91151000|0.0816|1|2024-04-28 16:42:44.963965
91152000|0.0002|1|2024-04-28 16:42:44.963965
91154000|0.0001|1|2024-04-28 16:42:44.963965
91155000|0.0002|1|2024-04-28 16:42:44.963965
91168000|0.0247|1|2024-04-28 16:42:44.963965
91150000|0.0289|0|2024-04-28 16:42:50.210837
91126000|0.5367|0|2024-04-28 16:42:50.210837
91121000|0.001|0|2024-04-28 16:42:50.210837
91101000|0.0884|0|2024-04-28 16:42:50.210837
91100000|0.13|0|2024-04-28 16:42:50.210837
91151000|0.0816|1|2024-04-28 16:42:50.213101
91152000|0.0002|1|2024-04-28 16:42:50.213101
91154000|0.0001|1|2024-04-28 16:42:50.213101
91155000|0.0002|1|2024-04-28 16:42:50.213101
91168000|0.0247|1|2024-04-28 16:42:50.213101
91127000|0.001|0|2024-04-28 16:42:55.349956
91126000|0.5369|0|2024-04-28 16:42:55.349956
91121000|0.001|0|2024-04-28 16:42:55.349956
91088000|0.0026|0|2024-04-28 16:42:55.349956
91087000|0.13|0|2024-04-28 16:42:55.349956
91137000|0.0437|1|2024-04-28 16:42:55.352031
91138000|0.0189|1|2024-04-28 16:42:55.352031
91140000|0.0001|1|2024-04-28 16:42:55.352031
91152000|0.0002|1|2024-04-28 16:42:55.352031
91155000|0.0249|1|2024-04-28 16:42:55.352031
91127000|0.001|0|2024-04-28 16:43:00.477265
91126000|0.5369|0|2024-04-28 16:43:00.477265
91121000|0.001|0|2024-04-28 16:43:00.477265
91088000|0.0026|0|2024-04-28 16:43:00.477265
91086000|0.0979|0|2024-04-28 16:43:00.477265
91130000|0.0056|1|2024-04-28 16:43:00.479343
91152000|0.0002|1|2024-04-28 16:43:00.479343
91155000|0.0002|1|2024-04-28 16:43:00.479343
91161000|0.0652|1|2024-04-28 16:43:00.479343
91180000|0.1211|1|2024-04-28 16:43:00.479343
91126000|0.4781|0|2024-04-28 16:43:05.641947
91121000|0.001|0|2024-04-28 16:43:05.641947
91088000|0.0026|0|2024-04-28 16:43:05.641947
91086000|0.0979|0|2024-04-28 16:43:05.641947
91078000|0.0011|0|2024-04-28 16:43:05.641947
91127000|0.0077|1|2024-04-28 16:43:05.644004
91141000|0.0247|1|2024-04-28 16:43:05.644004
91152000|0.0002|1|2024-04-28 16:43:05.644004
91155000|0.0002|1|2024-04-28 16:43:05.644004
91161000|0.0652|1|2024-04-28 16:43:05.644004
91122000|0.001|0|2024-04-28 16:43:10.775654
91121000|0.001|0|2024-04-28 16:43:10.775654
91088000|0.0026|0|2024-04-28 16:43:10.775654
91087000|0.0517|0|2024-04-28 16:43:10.775654
91086000|0.0979|0|2024-04-28 16:43:10.775654
91127000|0.0077|1|2024-04-28 16:43:10.777880
91141000|0.0247|1|2024-04-28 16:43:10.777880
91149000|0.0537|1|2024-04-28 16:43:10.777880
91152000|0.0002|1|2024-04-28 16:43:10.777880
91155000|0.0002|1|2024-04-28 16:43:10.777880
91122000|0.001|0|2024-04-28 16:43:15.921903
91121000|0.001|0|2024-04-28 16:43:15.921903
91089000|0.4784|0|2024-04-28 16:43:15.921903
91088000|0.0026|0|2024-04-28 16:43:15.921903
91086000|0.0979|0|2024-04-28 16:43:15.921903
91126000|0.0076|1|2024-04-28 16:43:15.923968
91127000|0.0001|1|2024-04-28 16:43:15.923968
91141000|0.0247|1|2024-04-28 16:43:15.923968
91149000|0.0537|1|2024-04-28 16:43:15.923968
91152000|0.0002|1|2024-04-28 16:43:15.923968
91122000|0.0009|0|2024-04-28 16:43:21.051645
91121000|0.001|0|2024-04-28 16:43:21.051645
91089000|0.4784|0|2024-04-28 16:43:21.051645
91088000|0.0026|0|2024-04-28 16:43:21.051645
91086000|0.0979|0|2024-04-28 16:43:21.051645
91124000|0.0056|1|2024-04-28 16:43:21.053782
91130000|0.0247|1|2024-04-28 16:43:21.053782
91138000|0.317|1|2024-04-28 16:43:21.053782
91149000|0.0537|1|2024-04-28 16:43:21.053782
91151000|0.0002|1|2024-04-28 16:43:21.053782
91121000|0.001|0|2024-04-28 16:43:26.170758
91089000|0.4784|0|2024-04-28 16:43:26.170758
91088000|0.0026|0|2024-04-28 16:43:26.170758
91086000|0.0979|0|2024-04-28 16:43:26.170758
91078000|0.0011|0|2024-04-28 16:43:26.170758
91123000|0.0056|1|2024-04-28 16:43:26.172895
91138000|0.317|1|2024-04-28 16:43:26.172895
91149000|0.0537|1|2024-04-28 16:43:26.172895
91151000|0.0002|1|2024-04-28 16:43:26.172895
91152000|0.0002|1|2024-04-28 16:43:26.172895
91121000|0.001|0|2024-04-28 16:43:31.282886
91089000|0.4784|0|2024-04-28 16:43:31.282886
91088000|0.0026|0|2024-04-28 16:43:31.282886
91086000|0.0979|0|2024-04-28 16:43:31.282886
91078000|0.0011|0|2024-04-28 16:43:31.282886
91122000|0.0323|1|2024-04-28 16:43:31.285016
91138000|0.317|1|2024-04-28 16:43:31.285016
91149000|0.0537|1|2024-04-28 16:43:31.285016
91151000|0.0002|1|2024-04-28 16:43:31.285016
91152000|0.0002|1|2024-04-28 16:43:31.285016
91124000|0.001|0|2024-04-28 16:43:36.402172
91122000|0.0226|0|2024-04-28 16:43:36.402172
91121000|0.001|0|2024-04-28 16:43:36.402172
91089000|0.4784|0|2024-04-28 16:43:36.402172
91088000|0.0026|0|2024-04-28 16:43:36.402172
91138000|0.317|1|2024-04-28 16:43:36.404403
91149000|0.0537|1|2024-04-28 16:43:36.404403
91151000|0.0002|1|2024-04-28 16:43:36.404403
91152000|0.0002|1|2024-04-28 16:43:36.404403
91155000|0.0002|1|2024-04-28 16:43:36.404403
91126000|0.0064|0|2024-04-28 16:43:41.529867
91125000|0.001|0|2024-04-28 16:43:41.529867
91124000|0.0011|0|2024-04-28 16:43:41.529867
91122000|0.0224|0|2024-04-28 16:43:41.529867
91121000|0.001|0|2024-04-28 16:43:41.529867
91138000|0.317|1|2024-04-28 16:43:41.531956
91149000|0.0537|1|2024-04-28 16:43:41.531956
91151000|0.0002|1|2024-04-28 16:43:41.531956
91152000|0.0002|1|2024-04-28 16:43:41.531956
91155000|0.0002|1|2024-04-28 16:43:41.531956
91128000|0.001|0|2024-04-28 16:43:46.648161
91127000|0.0003|0|2024-04-28 16:43:46.648161
91126000|0.0001|0|2024-04-28 16:43:46.648161
91122000|0.0224|0|2024-04-28 16:43:46.648161
91121000|0.001|0|2024-04-28 16:43:46.648161
91138000|0.317|1|2024-04-28 16:43:46.650161
91149000|0.0537|1|2024-04-28 16:43:46.650161
91151000|0.0002|1|2024-04-28 16:43:46.650161
91152000|0.0002|1|2024-04-28 16:43:46.650161
91155000|0.0002|1|2024-04-28 16:43:46.650161
91123000|0.002|0|2024-04-28 16:43:51.776167
91122000|0.0195|0|2024-04-28 16:43:51.776167
91121000|0.0012|0|2024-04-28 16:43:51.776167
91089000|0.4784|0|2024-04-28 16:43:51.776167
91088000|0.0026|0|2024-04-28 16:43:51.776167
91138000|0.2894|1|2024-04-28 16:43:51.778361
91149000|0.0537|1|2024-04-28 16:43:51.778361
91151000|0.0002|1|2024-04-28 16:43:51.778361
91152000|0.0002|1|2024-04-28 16:43:51.778361
91155000|0.0002|1|2024-04-28 16:43:51.778361
91122000|0.0169|0|2024-04-28 16:43:56.891202
91121000|0.0012|0|2024-04-28 16:43:56.891202
91089000|0.4784|0|2024-04-28 16:43:56.891202
91088000|0.0026|0|2024-04-28 16:43:56.891202
91086000|0.0979|0|2024-04-28 16:43:56.891202
91138000|0.2895|1|2024-04-28 16:43:56.893259
91149000|0.0537|1|2024-04-28 16:43:56.893259
91151000|0.0002|1|2024-04-28 16:43:56.893259
91152000|0.0002|1|2024-04-28 16:43:56.893259
91155000|0.0002|1|2024-04-28 16:43:56.893259
91122000|0.0107|0|2024-04-28 16:44:02.004816
91121000|0.0012|0|2024-04-28 16:44:02.004816
91089000|0.4784|0|2024-04-28 16:44:02.004816
91088000|0.0026|0|2024-04-28 16:44:02.004816
91086000|0.0979|0|2024-04-28 16:44:02.004816
91136000|0.002|1|2024-04-28 16:44:02.006849
91137000|0.317|1|2024-04-28 16:44:02.006849
91148000|0.0628|1|2024-04-28 16:44:02.006849
91149000|0.0537|1|2024-04-28 16:44:02.006849
91151000|0.0002|1|2024-04-28 16:44:02.006849
91122000|0.0086|0|2024-04-28 16:44:07.136514
91121000|0.0012|0|2024-04-28 16:44:07.136514
91089000|0.4784|0|2024-04-28 16:44:07.136514
91088000|0.0026|0|2024-04-28 16:44:07.136514
91086000|0.0979|0|2024-04-28 16:44:07.136514
91135000|0.0074|1|2024-04-28 16:44:07.138693
91136000|0.317|1|2024-04-28 16:44:07.138693
91148000|0.0628|1|2024-04-28 16:44:07.138693
91149000|0.0537|1|2024-04-28 16:44:07.138693
91151000|0.0002|1|2024-04-28 16:44:07.138693
91122000|0.0046|0|2024-04-28 16:44:12.274036
91121000|0.0012|0|2024-04-28 16:44:12.274036
91089000|0.4784|0|2024-04-28 16:44:12.274036
91088000|0.0026|0|2024-04-28 16:44:12.274036
91086000|0.0979|0|2024-04-28 16:44:12.274036
91134000|0.0054|1|2024-04-28 16:44:12.276104
91148000|0.0628|1|2024-04-28 16:44:12.276104
91149000|0.0537|1|2024-04-28 16:44:12.276104
91151000|0.0002|1|2024-04-28 16:44:12.276104
91152000|0.0002|1|2024-04-28 16:44:12.276104
91123000|0.0001|0|2024-04-28 16:44:17.388945
91122000|0.0044|0|2024-04-28 16:44:17.388945
91121000|0.0012|0|2024-04-28 16:44:17.388945
91089000|0.4784|0|2024-04-28 16:44:17.388945
91088000|0.0026|0|2024-04-28 16:44:17.388945
91133000|0.0054|1|2024-04-28 16:44:17.390943
91148000|0.0628|1|2024-04-28 16:44:17.390943
91149000|0.0537|1|2024-04-28 16:44:17.390943
91151000|0.0002|1|2024-04-28 16:44:17.390943
91152000|0.0002|1|2024-04-28 16:44:17.390943
91125000|0.001|0|2024-04-28 16:44:22.505049
91124000|0.0001|0|2024-04-28 16:44:22.505049
91122000|0.0044|0|2024-04-28 16:44:22.505049
91121000|0.0012|0|2024-04-28 16:44:22.505049
91089000|0.4784|0|2024-04-28 16:44:22.505049
91131000|0.002|1|2024-04-28 16:44:22.507094
91132000|0.0054|1|2024-04-28 16:44:22.507094
91148000|0.0628|1|2024-04-28 16:44:22.507094
91149000|0.0537|1|2024-04-28 16:44:22.507094
91151000|0.0002|1|2024-04-28 16:44:22.507094
91122000|0.0011|0|2024-04-28 16:44:27.622453
91121000|0.0012|0|2024-04-28 16:44:27.622453
91089000|0.4784|0|2024-04-28 16:44:27.622453
91088000|0.0026|0|2024-04-28 16:44:27.622453
91086000|0.0979|0|2024-04-28 16:44:27.622453
91130000|0.002|1|2024-04-28 16:44:27.624496
91147000|0.121|1|2024-04-28 16:44:27.624496
91148000|0.0628|1|2024-04-28 16:44:27.624496
91149000|0.0537|1|2024-04-28 16:44:27.624496
91151000|0.0002|1|2024-04-28 16:44:27.624496
91122000|0.0011|0|2024-04-28 16:44:32.748049
91121000|0.0012|0|2024-04-28 16:44:32.748049
91089000|0.4784|0|2024-04-28 16:44:32.748049
91088000|0.0026|0|2024-04-28 16:44:32.748049
91086000|0.0979|0|2024-04-28 16:44:32.748049
91129000|0.3245|1|2024-04-28 16:44:32.750148
91148000|0.0628|1|2024-04-28 16:44:32.750148
91149000|0.0537|1|2024-04-28 16:44:32.750148
91151000|0.0002|1|2024-04-28 16:44:32.750148
91152000|0.0002|1|2024-04-28 16:44:32.750148
91122000|0.0011|0|2024-04-28 16:44:37.885573
91121000|0.0012|0|2024-04-28 16:44:37.885573
91089000|0.4784|0|2024-04-28 16:44:37.885573
91088000|0.0026|0|2024-04-28 16:44:37.885573
91086000|0.0979|0|2024-04-28 16:44:37.885573
91128000|0.0055|1|2024-04-28 16:44:37.887663
91129000|0.3798|1|2024-04-28 16:44:37.887663
91149000|0.0537|1|2024-04-28 16:44:37.887663
91151000|0.0002|1|2024-04-28 16:44:37.887663
91152000|0.0002|1|2024-04-28 16:44:37.887663
91122000|0.0011|0|2024-04-28 16:44:43.041553
91121000|0.0012|0|2024-04-28 16:44:43.041553
91089000|0.4784|0|2024-04-28 16:44:43.041553
91088000|0.0026|0|2024-04-28 16:44:43.041553
91086000|0.0979|0|2024-04-28 16:44:43.041553
91127000|0.6395|1|2024-04-28 16:44:43.043617
91129000|0.0628|1|2024-04-28 16:44:43.043617
91149000|0.0537|1|2024-04-28 16:44:43.043617
91151000|0.0002|1|2024-04-28 16:44:43.043617
91152000|0.0002|1|2024-04-28 16:44:43.043617
91122000|0.0011|0|2024-04-28 16:44:48.198965
91121000|0.0012|0|2024-04-28 16:44:48.198965
91089000|0.4784|0|2024-04-28 16:44:48.198965
91088000|0.0026|0|2024-04-28 16:44:48.198965
91086000|0.0979|0|2024-04-28 16:44:48.198965
91126000|0.3225|1|2024-04-28 16:44:48.201122
91127000|0.317|1|2024-04-28 16:44:48.201122
91129000|0.0628|1|2024-04-28 16:44:48.201122
91149000|0.0537|1|2024-04-28 16:44:48.201122
91151000|0.0002|1|2024-04-28 16:44:48.201122
91121000|0.0|0|2024-04-28 16:44:53.324248
91089000|0.4784|0|2024-04-28 16:44:53.324248
91088000|0.0026|0|2024-04-28 16:44:53.324248
91086000|0.0979|0|2024-04-28 16:44:53.324248
91078000|0.0011|0|2024-04-28 16:44:53.324248
91124000|0.002|1|2024-04-28 16:44:53.326331
91125000|0.3225|1|2024-04-28 16:44:53.326331
91127000|0.317|1|2024-04-28 16:44:53.326331
91129000|0.1198|1|2024-04-28 16:44:53.326331
91139000|0.0643|1|2024-04-28 16:44:53.326331
91088000|0.0026|0|2024-04-28 16:44:58.441016
91086000|0.0979|0|2024-04-28 16:44:58.441016
91078000|0.0011|0|2024-04-28 16:44:58.441016
91077000|0.0046|0|2024-04-28 16:44:58.441016
91050000|0.0006|0|2024-04-28 16:44:58.441016
91089000|1.6885|1|2024-04-28 16:44:58.444960
91090000|0.0002|1|2024-04-28 16:44:58.444960
91107000|0.0618|1|2024-04-28 16:44:58.444960
91109000|0.0628|1|2024-04-28 16:44:58.444960
91123000|0.002|1|2024-04-28 16:44:58.444960
91088000|0.0026|0|2024-04-28 16:45:03.567745
91086000|0.0979|0|2024-04-28 16:45:03.567745
91078000|0.0011|0|2024-04-28 16:45:03.567745
91077000|0.0046|0|2024-04-28 16:45:03.567745
91050000|0.0006|0|2024-04-28 16:45:03.567745
91089000|0.0075|1|2024-04-28 16:45:03.569732
91090000|0.0002|1|2024-04-28 16:45:03.569732
91107000|0.0618|1|2024-04-28 16:45:03.569732
91123000|0.1222|1|2024-04-28 16:45:03.569732
91124000|0.317|1|2024-04-28 16:45:03.569732
91086000|0.0948|0|2024-04-28 16:45:08.730811
91078000|0.0011|0|2024-04-28 16:45:08.730811
91077000|0.0046|0|2024-04-28 16:45:08.730811
91050000|0.0006|0|2024-04-28 16:45:08.730811
91049000|0.001|0|2024-04-28 16:45:08.730811
91089000|0.3225|1|2024-04-28 16:45:08.732935
91090000|0.0002|1|2024-04-28 16:45:08.732935
91107000|0.0618|1|2024-04-28 16:45:08.732935
91108000|0.0618|1|2024-04-28 16:45:08.732935
91127000|0.317|1|2024-04-28 16:45:08.732935
91086000|0.0948|0|2024-04-28 16:45:13.858001
91078000|0.0011|0|2024-04-28 16:45:13.858001
91077000|0.0046|0|2024-04-28 16:45:13.858001
91050000|0.0006|0|2024-04-28 16:45:13.858001
91049000|0.001|0|2024-04-28 16:45:13.858001
91088000|0.3225|1|2024-04-28 16:45:13.860058
91090000|0.0002|1|2024-04-28 16:45:13.860058
91107000|0.0618|1|2024-04-28 16:45:13.860058
91108000|0.0618|1|2024-04-28 16:45:13.860058
91127000|0.317|1|2024-04-28 16:45:13.860058
91086000|0.0948|0|2024-04-28 16:45:18.995225
91078000|0.0011|0|2024-04-28 16:45:18.995225
91077000|0.0046|0|2024-04-28 16:45:18.995225
91050000|0.0006|0|2024-04-28 16:45:18.995225
91049000|0.001|0|2024-04-28 16:45:18.995225
91087000|0.0075|1|2024-04-28 16:45:18.997423
91088000|0.317|1|2024-04-28 16:45:18.997423
91090000|0.0002|1|2024-04-28 16:45:18.997423
91107000|0.1191|1|2024-04-28 16:45:18.997423
91127000|0.317|1|2024-04-28 16:45:18.997423
91086000|0.0948|0|2024-04-28 16:45:24.113174
91078000|0.0011|0|2024-04-28 16:45:24.113174
91077000|0.0046|0|2024-04-28 16:45:24.113174
91051000|0.0524|0|2024-04-28 16:45:24.113174
91050000|1.8008|0|2024-04-28 16:45:24.113174
91087000|0.0075|1|2024-04-28 16:45:24.115228
91090000|0.0002|1|2024-04-28 16:45:24.115228
91104000|0.317|1|2024-04-28 16:45:24.115228
91107000|0.0573|1|2024-04-28 16:45:24.115228
91118000|0.0564|1|2024-04-28 16:45:24.115228
91086000|0.0948|0|2024-04-28 16:45:29.236811
91078000|0.0011|0|2024-04-28 16:45:29.236811
91077000|0.0046|0|2024-04-28 16:45:29.236811
91051000|0.001|0|2024-04-28 16:45:29.236811
91050000|0.0008|0|2024-04-28 16:45:29.236811
91087000|0.0075|1|2024-04-28 16:45:29.238841
91090000|0.0002|1|2024-04-28 16:45:29.238841
91104000|0.317|1|2024-04-28 16:45:29.238841
91107000|0.0573|1|2024-04-28 16:45:29.238841
91118000|0.0564|1|2024-04-28 16:45:29.238841
91086000|0.1004|0|2024-04-28 16:45:34.361791
91078000|0.0011|0|2024-04-28 16:45:34.361791
91077000|0.0046|0|2024-04-28 16:45:34.361791
91051000|0.001|0|2024-04-28 16:45:34.361791
91050000|0.0008|0|2024-04-28 16:45:34.361791
91104000|0.2371|1|2024-04-28 16:45:34.363837
91107000|0.0573|1|2024-04-28 16:45:34.363837
91118000|0.0564|1|2024-04-28 16:45:34.363837
91127000|0.317|1|2024-04-28 16:45:34.363837
91128000|0.0628|1|2024-04-28 16:45:34.363837
91088000|0.0055|0|2024-04-28 16:45:39.483879
91087000|0.001|0|2024-04-28 16:45:39.483879
91086000|0.0969|0|2024-04-28 16:45:39.483879
91078000|0.0011|0|2024-04-28 16:45:39.483879
91077000|0.0046|0|2024-04-28 16:45:39.483879
91104000|0.2372|1|2024-04-28 16:45:39.485978
91106000|0.0628|1|2024-04-28 16:45:39.485978
91107000|0.0573|1|2024-04-28 16:45:39.485978
91118000|0.0564|1|2024-04-28 16:45:39.485978
91127000|0.317|1|2024-04-28 16:45:39.485978
91090000|0.001|0|2024-04-28 16:45:44.607751
91089000|0.0064|0|2024-04-28 16:45:44.607751
91088000|0.0001|0|2024-04-28 16:45:44.607751
91086000|0.0969|0|2024-04-28 16:45:44.607751
91078000|0.0011|0|2024-04-28 16:45:44.607751
91104000|0.2372|1|2024-04-28 16:45:44.609753
91106000|0.0628|1|2024-04-28 16:45:44.609753
91107000|0.0573|1|2024-04-28 16:45:44.609753
91118000|0.0564|1|2024-04-28 16:45:44.609753
91127000|0.317|1|2024-04-28 16:45:44.609753
91086000|0.0969|0|2024-04-28 16:45:49.723937
91078000|0.0011|0|2024-04-28 16:45:49.723937
91077000|0.0046|0|2024-04-28 16:45:49.723937
91051000|0.001|0|2024-04-28 16:45:49.723937
91050000|0.0008|0|2024-04-28 16:45:49.723937
91089000|0.0149|1|2024-04-28 16:45:49.726094
91103000|0.002|1|2024-04-28 16:45:49.726094
91104000|0.2371|1|2024-04-28 16:45:49.726094
91106000|0.0628|1|2024-04-28 16:45:49.726094
91107000|0.0573|1|2024-04-28 16:45:49.726094
91086000|0.0969|0|2024-04-28 16:45:54.863071
91078000|0.0011|0|2024-04-28 16:45:54.863071
91077000|0.0046|0|2024-04-28 16:45:54.863071
91051000|0.001|0|2024-04-28 16:45:54.863071
91050000|0.0008|0|2024-04-28 16:45:54.863071
91088000|0.0085|1|2024-04-28 16:45:54.865073
91089000|0.0094|1|2024-04-28 16:45:54.865073
91104000|0.2371|1|2024-04-28 16:45:54.865073
91106000|0.0628|1|2024-04-28 16:45:54.865073
91107000|0.0573|1|2024-04-28 16:45:54.865073
91086000|0.0969|0|2024-04-28 16:45:59.981755
91078000|0.0011|0|2024-04-28 16:45:59.981755
91077000|0.0046|0|2024-04-28 16:45:59.981755
91051000|0.001|0|2024-04-28 16:45:59.981755
91050000|0.3178|0|2024-04-28 16:45:59.981755
91088000|0.0074|1|2024-04-28 16:45:59.983799
91089000|0.0094|1|2024-04-28 16:45:59.983799
91107000|0.0573|1|2024-04-28 16:45:59.983799
91112000|0.0573|1|2024-04-28 16:45:59.983799
91118000|0.0564|1|2024-04-28 16:45:59.983799
91087000|0.001|0|2024-04-28 16:46:05.093838
91086000|0.0969|0|2024-04-28 16:46:05.093838
91078000|0.0011|0|2024-04-28 16:46:05.093838
91077000|0.0046|0|2024-04-28 16:46:05.093838
91051000|0.0534|0|2024-04-28 16:46:05.093838
91088000|0.0074|1|2024-04-28 16:46:05.095896
91089000|0.0094|1|2024-04-28 16:46:05.095896
91107000|0.0573|1|2024-04-28 16:46:05.095896
91112000|0.0573|1|2024-04-28 16:46:05.095896
91118000|0.0564|1|2024-04-28 16:46:05.095896
91086000|0.0969|0|2024-04-28 16:46:10.226734
91078000|0.0011|0|2024-04-28 16:46:10.226734
91077000|0.0046|0|2024-04-28 16:46:10.226734
91051000|0.001|0|2024-04-28 16:46:10.226734
91050000|0.0008|0|2024-04-28 16:46:10.226734
91088000|0.0165|1|2024-04-28 16:46:10.228820
91089000|0.0094|1|2024-04-28 16:46:10.228820
91107000|0.0573|1|2024-04-28 16:46:10.228820
91112000|0.0573|1|2024-04-28 16:46:10.228820
91118000|0.0564|1|2024-04-28 16:46:10.228820
91086000|0.0981|0|2024-04-28 16:46:15.360670
91078000|0.0011|0|2024-04-28 16:46:15.360670
91077000|0.0046|0|2024-04-28 16:46:15.360670
91051000|0.001|0|2024-04-28 16:46:15.360670
91050000|0.0008|0|2024-04-28 16:46:15.360670
91087000|0.0672|1|2024-04-28 16:46:15.362934
91088000|0.0111|1|2024-04-28 16:46:15.362934
91089000|0.0094|1|2024-04-28 16:46:15.362934
91112000|0.0573|1|2024-04-28 16:46:15.362934
91118000|0.0564|1|2024-04-28 16:46:15.362934
91086000|0.0981|0|2024-04-28 16:46:20.475951
91078000|0.0011|0|2024-04-28 16:46:20.475951
91077000|0.0046|0|2024-04-28 16:46:20.475951
91051000|0.001|0|2024-04-28 16:46:20.475951
91050000|0.0008|0|2024-04-28 16:46:20.475951
91087000|0.0672|1|2024-04-28 16:46:20.478139
91088000|0.0091|1|2024-04-28 16:46:20.478139
91089000|0.0094|1|2024-04-28 16:46:20.478139
91112000|0.0573|1|2024-04-28 16:46:20.478139
91118000|0.0564|1|2024-04-28 16:46:20.478139
91086000|0.0981|0|2024-04-28 16:46:25.604208
91078000|0.0011|0|2024-04-28 16:46:25.604208
91077000|0.0046|0|2024-04-28 16:46:25.604208
91051000|0.001|0|2024-04-28 16:46:25.604208
91050000|0.0008|0|2024-04-28 16:46:25.604208
91087000|0.0672|1|2024-04-28 16:46:25.606243
91088000|0.0091|1|2024-04-28 16:46:25.606243
91089000|0.0094|1|2024-04-28 16:46:25.606243
91112000|0.0573|1|2024-04-28 16:46:25.606243
91118000|0.0564|1|2024-04-28 16:46:25.606243
91086000|0.0971|0|2024-04-28 16:46:30.726119
91078000|0.0011|0|2024-04-28 16:46:30.726119
91077000|0.0046|0|2024-04-28 16:46:30.726119
91051000|0.001|0|2024-04-28 16:46:30.726119
91050000|0.0008|0|2024-04-28 16:46:30.726119
91087000|0.0672|1|2024-04-28 16:46:30.728391
91089000|0.0094|1|2024-04-28 16:46:30.728391
91112000|0.0573|1|2024-04-28 16:46:30.728391
91118000|0.0564|1|2024-04-28 16:46:30.728391
91124000|0.317|1|2024-04-28 16:46:30.728391
91086000|0.0945|0|2024-04-28 16:46:35.847652
91078000|0.0011|0|2024-04-28 16:46:35.847652
91077000|0.0046|0|2024-04-28 16:46:35.847652
91051000|0.001|0|2024-04-28 16:46:35.847652
91050000|0.0008|0|2024-04-28 16:46:35.847652
91087000|0.0692|1|2024-04-28 16:46:35.849785
91088000|0.0091|1|2024-04-28 16:46:35.849785
91089000|0.0094|1|2024-04-28 16:46:35.849785
91112000|0.0573|1|2024-04-28 16:46:35.849785
91118000|0.0564|1|2024-04-28 16:46:35.849785
91086000|0.0955|0|2024-04-28 16:46:40.992508
91078000|0.0011|0|2024-04-28 16:46:40.992508
91077000|0.0046|0|2024-04-28 16:46:40.992508
91051000|0.001|0|2024-04-28 16:46:40.992508
91050000|0.0008|0|2024-04-28 16:46:40.992508
91087000|0.0692|1|2024-04-28 16:46:40.994745
91088000|0.0091|1|2024-04-28 16:46:40.994745
91089000|0.0094|1|2024-04-28 16:46:40.994745
91118000|0.0564|1|2024-04-28 16:46:40.994745
91124000|0.317|1|2024-04-28 16:46:40.994745
91086000|0.0955|0|2024-04-28 16:46:46.118161
91078000|0.0011|0|2024-04-28 16:46:46.118161
91077000|0.0046|0|2024-04-28 16:46:46.118161
91058000|0.317|0|2024-04-28 16:46:46.118161
91051000|0.001|0|2024-04-28 16:46:46.118161
91087000|0.0692|1|2024-04-28 16:46:46.120371
91088000|0.0091|1|2024-04-28 16:46:46.120371
91089000|0.0094|1|2024-04-28 16:46:46.120371
91118000|0.0564|1|2024-04-28 16:46:46.120371
91124000|0.317|1|2024-04-28 16:46:46.120371
91086000|0.0955|0|2024-04-28 16:46:51.232847
91078000|0.0011|0|2024-04-28 16:46:51.232847
91077000|0.0046|0|2024-04-28 16:46:51.232847
91058000|0.3172|0|2024-04-28 16:46:51.232847
91051000|0.001|0|2024-04-28 16:46:51.232847
91087000|0.0672|1|2024-04-28 16:46:51.234947
91088000|0.0091|1|2024-04-28 16:46:51.234947
91089000|0.0094|1|2024-04-28 16:46:51.234947
91118000|0.0564|1|2024-04-28 16:46:51.234947
91124000|0.317|1|2024-04-28 16:46:51.234947
91086000|0.0955|0|2024-04-28 16:46:56.349950
91078000|0.0011|0|2024-04-28 16:46:56.349950
91077000|0.0046|0|2024-04-28 16:46:56.349950
91058000|0.0002|0|2024-04-28 16:46:56.349950
91051000|0.001|0|2024-04-28 16:46:56.349950
91087000|0.0672|1|2024-04-28 16:46:56.352082
91088000|0.0091|1|2024-04-28 16:46:56.352082
91089000|0.0094|1|2024-04-28 16:46:56.352082
91118000|0.0564|1|2024-04-28 16:46:56.352082
91124000|0.317|1|2024-04-28 16:46:56.352082
91086000|0.0939|0|2024-04-28 16:47:01.473306
91078000|0.0011|0|2024-04-28 16:47:01.473306
91077000|0.0046|0|2024-04-28 16:47:01.473306
91058000|0.0002|0|2024-04-28 16:47:01.473306
91051000|0.001|0|2024-04-28 16:47:01.473306
91087000|0.0672|1|2024-04-28 16:47:01.475441
91088000|0.0091|1|2024-04-28 16:47:01.475441
91089000|0.0094|1|2024-04-28 16:47:01.475441
91118000|0.0564|1|2024-04-28 16:47:01.475441
91124000|0.317|1|2024-04-28 16:47:01.475441
91086000|0.0939|0|2024-04-28 16:47:06.594943
91078000|0.0011|0|2024-04-28 16:47:06.594943
91077000|0.0046|0|2024-04-28 16:47:06.594943
91058000|0.0002|0|2024-04-28 16:47:06.594943
91051000|0.001|0|2024-04-28 16:47:06.594943
91087000|0.0672|1|2024-04-28 16:47:06.597282
91088000|0.0091|1|2024-04-28 16:47:06.597282
91089000|0.0094|1|2024-04-28 16:47:06.597282
91118000|0.0564|1|2024-04-28 16:47:06.597282
91124000|0.317|1|2024-04-28 16:47:06.597282
91086000|0.0939|0|2024-04-28 16:47:11.709169
91078000|0.0011|0|2024-04-28 16:47:11.709169
91077000|0.0046|0|2024-04-28 16:47:11.709169
91058000|0.0002|0|2024-04-28 16:47:11.709169
91051000|0.001|0|2024-04-28 16:47:11.709169
91087000|0.0672|1|2024-04-28 16:47:11.711402
91088000|0.0091|1|2024-04-28 16:47:11.711402
91118000|0.0564|1|2024-04-28 16:47:11.711402
91124000|0.317|1|2024-04-28 16:47:11.711402
91125000|0.0628|1|2024-04-28 16:47:11.711402
91086000|0.0876|0|2024-04-28 16:47:16.838325
91078000|0.0011|0|2024-04-28 16:47:16.838325
91077000|0.0046|0|2024-04-28 16:47:16.838325
91058000|0.0002|0|2024-04-28 16:47:16.838325
91051000|0.001|0|2024-04-28 16:47:16.838325
91087000|0.0672|1|2024-04-28 16:47:16.840480
91088000|0.0091|1|2024-04-28 16:47:16.840480
91118000|0.0564|1|2024-04-28 16:47:16.840480
91124000|0.317|1|2024-04-28 16:47:16.840480
91125000|0.0628|1|2024-04-28 16:47:16.840480
91086000|0.0876|0|2024-04-28 16:47:21.960894
91078000|0.0011|0|2024-04-28 16:47:21.960894
91077000|0.0046|0|2024-04-28 16:47:21.960894
91058000|0.0002|0|2024-04-28 16:47:21.960894
91051000|0.001|0|2024-04-28 16:47:21.960894
91087000|0.0672|1|2024-04-28 16:47:21.962900
91088000|0.0091|1|2024-04-28 16:47:21.962900
91117000|0.1227|1|2024-04-28 16:47:21.962900
91118000|0.9564|1|2024-04-28 16:47:21.962900
91124000|0.317|1|2024-04-28 16:47:21.962900
91086000|0.0866|0|2024-04-28 16:47:27.115406
91078000|0.0011|0|2024-04-28 16:47:27.115406
91077000|0.0046|0|2024-04-28 16:47:27.115406
91058000|0.0002|0|2024-04-28 16:47:27.115406
91051000|0.001|0|2024-04-28 16:47:27.115406
91087000|0.0672|1|2024-04-28 16:47:27.117402
91088000|0.0091|1|2024-04-28 16:47:27.117402
91117000|0.1227|1|2024-04-28 16:47:27.117402
91118000|0.9564|1|2024-04-28 16:47:27.117402
91124000|0.317|1|2024-04-28 16:47:27.117402
91086000|0.0784|0|2024-04-28 16:47:32.252435
91078000|0.0011|0|2024-04-28 16:47:32.252435
91077000|0.0046|0|2024-04-28 16:47:32.252435
91058000|0.0002|0|2024-04-28 16:47:32.252435
91051000|0.001|0|2024-04-28 16:47:32.252435
91087000|0.0672|1|2024-04-28 16:47:32.254430
91088000|0.0091|1|2024-04-28 16:47:32.254430
91114000|0.1096|1|2024-04-28 16:47:32.254430
91118000|0.0618|1|2024-04-28 16:47:32.254430
91124000|0.317|1|2024-04-28 16:47:32.254430
91086000|0.0784|0|2024-04-28 16:47:37.363868
91078000|0.0011|0|2024-04-28 16:47:37.363868
91077000|0.0046|0|2024-04-28 16:47:37.363868
91058000|0.0002|0|2024-04-28 16:47:37.363868
91051000|0.001|0|2024-04-28 16:47:37.363868
91087000|0.0672|1|2024-04-28 16:47:37.365897
91088000|0.0091|1|2024-04-28 16:47:37.365897
91114000|0.1096|1|2024-04-28 16:47:37.365897
91118000|0.0618|1|2024-04-28 16:47:37.365897
91124000|0.317|1|2024-04-28 16:47:37.365897
91086000|0.0582|0|2024-04-28 16:47:42.485598
91078000|0.0011|0|2024-04-28 16:47:42.485598
91077000|0.0046|0|2024-04-28 16:47:42.485598
91058000|0.0002|0|2024-04-28 16:47:42.485598
91051000|0.001|0|2024-04-28 16:47:42.485598
91087000|0.0672|1|2024-04-28 16:47:42.487641
91088000|0.0091|1|2024-04-28 16:47:42.487641
91114000|0.1096|1|2024-04-28 16:47:42.487641
91118000|0.0618|1|2024-04-28 16:47:42.487641
91124000|0.317|1|2024-04-28 16:47:42.487641
91086000|0.0023|0|2024-04-28 16:47:47.600962
91078000|0.0011|0|2024-04-28 16:47:47.600962
91077000|0.0046|0|2024-04-28 16:47:47.600962
91058000|0.0002|0|2024-04-28 16:47:47.600962
91051000|0.001|0|2024-04-28 16:47:47.600962
91087000|0.0692|1|2024-04-28 16:47:47.602944
91088000|0.0091|1|2024-04-28 16:47:47.602944
91118000|0.0618|1|2024-04-28 16:47:47.602944
91124000|0.317|1|2024-04-28 16:47:47.602944
91129000|0.057|1|2024-04-28 16:47:47.602944
91086000|0.0023|0|2024-04-28 16:47:52.735872
91078000|0.0011|0|2024-04-28 16:47:52.735872
91077000|0.0046|0|2024-04-28 16:47:52.735872
91064000|0.3172|0|2024-04-28 16:47:52.735872
91058000|0.0002|0|2024-04-28 16:47:52.735872
91087000|0.0692|1|2024-04-28 16:47:52.738043
91088000|0.0091|1|2024-04-28 16:47:52.738043
91118000|0.0618|1|2024-04-28 16:47:52.738043
91129000|0.057|1|2024-04-28 16:47:52.738043
91131000|0.1227|1|2024-04-28 16:47:52.738043
91078000|0.0011|0|2024-04-28 16:47:57.858510
91077000|0.0046|0|2024-04-28 16:47:57.858510
91064000|0.0002|0|2024-04-28 16:47:57.858510
91051000|0.001|0|2024-04-28 16:47:57.858510
91050000|0.0006|0|2024-04-28 16:47:57.858510
91086000|0.0607|1|2024-04-28 16:47:57.860667
91087000|0.0021|1|2024-04-28 16:47:57.860667
91088000|0.0091|1|2024-04-28 16:47:57.860667
91092000|0.1096|1|2024-04-28 16:47:57.860667
91118000|0.0618|1|2024-04-28 16:47:57.860667
91079000|0.001|0|2024-04-28 16:48:03.020038
91078000|0.0011|0|2024-04-28 16:48:03.020038
91077000|0.0046|0|2024-04-28 16:48:03.020038
91064000|0.0002|0|2024-04-28 16:48:03.020038
91051000|0.001|0|2024-04-28 16:48:03.020038
91081000|0.0593|1|2024-04-28 16:48:03.022033
91082000|0.0055|1|2024-04-28 16:48:03.022033
91083000|0.002|1|2024-04-28 16:48:03.022033
91088000|0.0091|1|2024-04-28 16:48:03.022033
91092000|0.1096|1|2024-04-28 16:48:03.022033
91077000|0.0038|0|2024-04-28 16:48:08.133340
91064000|0.0002|0|2024-04-28 16:48:08.133340
91051000|0.001|0|2024-04-28 16:48:08.133340
91050000|0.0006|0|2024-04-28 16:48:08.133340
91049000|0.001|0|2024-04-28 16:48:08.133340
91078000|0.0627|1|2024-04-28 16:48:08.135395
91088000|0.0091|1|2024-04-28 16:48:08.135395
91092000|0.1096|1|2024-04-28 16:48:08.135395
91108000|0.0634|1|2024-04-28 16:48:08.135395
91118000|0.0618|1|2024-04-28 16:48:08.135395
91064000|0.0002|0|2024-04-28 16:48:13.245839
91051000|0.001|0|2024-04-28 16:48:13.245839
91050000|0.0006|0|2024-04-28 16:48:13.245839
91049000|0.001|0|2024-04-28 16:48:13.245839
91021000|0.0024|0|2024-04-28 16:48:13.245839
91073000|0.0054|1|2024-04-28 16:48:13.248264
91091000|0.0587|1|2024-04-28 16:48:13.248264
91092000|0.1096|1|2024-04-28 16:48:13.248264
91097000|0.1227|1|2024-04-28 16:48:13.248264
91098000|0.0621|1|2024-04-28 16:48:13.248264
91064000|0.0002|0|2024-04-28 16:48:18.380426
91051000|0.001|0|2024-04-28 16:48:18.380426
91050000|0.0006|0|2024-04-28 16:48:18.380426
91049000|0.001|0|2024-04-28 16:48:18.380426
91025000|0.0002|0|2024-04-28 16:48:18.380426
91070000|0.0054|1|2024-04-28 16:48:18.382616
91076000|0.0572|1|2024-04-28 16:48:18.382616
91077000|0.0091|1|2024-04-28 16:48:18.382616
91092000|1.0096|1|2024-04-28 16:48:18.382616
91097000|0.1227|1|2024-04-28 16:48:18.382616
91064000|0.0002|0|2024-04-28 16:48:23.504280
91051000|0.001|0|2024-04-28 16:48:23.504280
91050000|0.0006|0|2024-04-28 16:48:23.504280
91049000|0.001|0|2024-04-28 16:48:23.504280
91021000|0.0024|0|2024-04-28 16:48:23.504280
91067000|0.0623|1|2024-04-28 16:48:23.506266
91068000|0.0001|1|2024-04-28 16:48:23.506266
91077000|0.0091|1|2024-04-28 16:48:23.506266
91087000|0.1227|1|2024-04-28 16:48:23.506266
91088000|0.0551|1|2024-04-28 16:48:23.506266
91064000|0.0002|0|2024-04-28 16:48:28.661101
91051000|0.001|0|2024-04-28 16:48:28.661101
91050000|0.0006|0|2024-04-28 16:48:28.661101
91049000|0.001|0|2024-04-28 16:48:28.661101
91021000|0.0024|0|2024-04-28 16:48:28.661101
91065000|0.066|1|2024-04-28 16:48:28.663276
91070000|0.0062|1|2024-04-28 16:48:28.663276
91077000|0.0091|1|2024-04-28 16:48:28.663276
91088000|0.0551|1|2024-04-28 16:48:28.663276
91092000|0.9|1|2024-04-28 16:48:28.663276
91049000|0.0001|0|2024-04-28 16:48:33.794621
91021000|0.0024|0|2024-04-28 16:48:33.794621
91016000|0.001|0|2024-04-28 16:48:33.794621
91015000|0.0032|0|2024-04-28 16:48:33.794621
91012000|0.0561|0|2024-04-28 16:48:33.794621
91054000|0.0618|1|2024-04-28 16:48:33.796907
91055000|0.1022|1|2024-04-28 16:48:33.796907
91056000|0.0054|1|2024-04-28 16:48:33.796907
91060000|0.0001|1|2024-04-28 16:48:33.796907
91061000|0.002|1|2024-04-28 16:48:33.796907
91049000|0.0001|0|2024-04-28 16:48:38.913221
91021000|0.0024|0|2024-04-28 16:48:38.913221
91016000|0.001|0|2024-04-28 16:48:38.913221
91015000|0.0032|0|2024-04-28 16:48:38.913221
91012000|0.0561|0|2024-04-28 16:48:38.913221
91050000|0.0665|1|2024-04-28 16:48:38.915262
91064000|0.0593|1|2024-04-28 16:48:38.915262
91074000|0.1022|1|2024-04-28 16:48:38.915262
91075000|0.055|1|2024-04-28 16:48:38.915262
91077000|0.9091|1|2024-04-28 16:48:38.915262
91049000|0.0001|0|2024-04-28 16:48:44.032024
91021000|0.0024|0|2024-04-28 16:48:44.032024
91016000|0.001|0|2024-04-28 16:48:44.032024
