price   |quantity|type|timestamp
4747000|0.1095|0|2024-04-28 16:29:55.508228
4746000|2.4125|0|2024-04-28 16:29:55.508228
4745000|7.7079|0|2024-04-28 16:29:55.508228
4743000|18.59|0|2024-04-28 16:29:55.508228
4742000|1.0211|0|2024-04-28 16:29:55.508228
4748000|1.4259|1|2024-04-28 16:29:55.510479
4750000|3.3025|1|2024-04-28 16:29:55.510479
4751000|6.7307|1|2024-04-28 16:29:55.510479
4752000|18.0|1|2024-04-28 16:29:55.510479
4753000|4.3349|1|2024-04-28 16:29:55.510479
4747000|0.1095|0|2024-04-28 16:30:00.649261
4746000|2.4125|0|2024-04-28 16:30:00.649261
4745000|5.6058|0|2024-04-28 16:30:00.649261
4743000|19.7945|0|2024-04-28 16:30:00.649261
4742000|1.0211|0|2024-04-28 16:30:00.649261
4748000|1.4259|1|2024-04-28 16:30:00.651506
4750000|1.906|1|2024-04-28 16:30:00.651506
4751000|6.7307|1|2024-04-28 16:30:00.651506
4752000|18.3344|1|2024-04-28 16:30:00.651506
4753000|4.0|1|2024-04-28 16:30:00.651506
4747000|0.1095|0|2024-04-28 16:30:05.772261
4746000|2.4125|0|2024-04-28 16:30:05.772261
4745000|7.7084|0|2024-04-28 16:30:05.772261
4743000|19.7945|0|2024-04-28 16:30:05.772261
4742000|1.0211|0|2024-04-28 16:30:05.772261
4748000|1.4259|1|2024-04-28 16:30:05.774338
4750000|1.906|1|2024-04-28 16:30:05.774338
4751000|6.7307|1|2024-04-28 16:30:05.774338
4752000|18.0|1|2024-04-28 16:30:05.774338
4753000|4.3344|1|2024-04-28 16:30:05.774338
4746000|2.41|0|2024-04-28 16:30:10.888411
4745000|2.0158|0|2024-04-28 16:30:10.888411
4743000|3.59|0|2024-04-28 16:30:10.888411
4742000|15.3567|0|2024-04-28 16:30:10.888411
4741000|4.59|0|2024-04-28 16:30:10.888411
4747000|1.277|1|2024-04-28 16:30:10.890436
4748000|1.4259|1|2024-04-28 16:30:10.890436
4750000|1.9128|1|2024-04-28 16:30:10.890436
4751000|6.7307|1|2024-04-28 16:30:10.890436
4752000|19.0|1|2024-04-28 16:30:10.890436
4746000|2.41|0|2024-04-28 16:30:16.003305
4745000|2.0158|0|2024-04-28 16:30:16.003305
4744000|3.59|0|2024-04-28 16:30:16.003305
4742000|15.0211|0|2024-04-28 16:30:16.003305
4741000|4.9254|0|2024-04-28 16:30:16.003305
4747000|1.277|1|2024-04-28 16:30:16.005385
4748000|5.0159|1|2024-04-28 16:30:16.005385
4750000|1.9128|1|2024-04-28 16:30:16.005385
4751000|6.7307|1|2024-04-28 16:30:16.005385
4752000|24.37|1|2024-04-28 16:30:16.005385
4746000|2.41|0|2024-04-28 16:30:21.131015
4745000|2.0158|0|2024-04-28 16:30:21.131015
4742000|18.6111|0|2024-04-28 16:30:21.131015
4741000|6.1302|0|2024-04-28 16:30:21.131015
4740000|1.8886|0|2024-04-28 16:30:21.131015
4747000|1.1817|1|2024-04-28 16:30:21.133184
4748000|1.4259|1|2024-04-28 16:30:21.133184
4749000|1.8606|1|2024-04-28 16:30:21.133184
4750000|6.6422|1|2024-04-28 16:30:21.133184
4751000|6.7307|1|2024-04-28 16:30:21.133184
4746000|2.085|0|2024-04-28 16:30:26.248990
4745000|2.0158|0|2024-04-28 16:30:26.248990
4743000|3.59|0|2024-04-28 16:30:26.248990
4742000|15.0211|0|2024-04-28 16:30:26.248990
4741000|5.7948|0|2024-04-28 16:30:26.248990
4747000|1.1817|1|2024-04-28 16:30:26.251146
4748000|5.0159|1|2024-04-28 16:30:26.251146
4749000|1.8606|1|2024-04-28 16:30:26.251146
4750000|6.6422|1|2024-04-28 16:30:26.251146
4751000|3.1407|1|2024-04-28 16:30:26.251146
4746000|2.0782|0|2024-04-28 16:30:31.386141
4745000|2.0158|0|2024-04-28 16:30:31.386141
4742000|15.0211|0|2024-04-28 16:30:31.386141
4741000|1.0|0|2024-04-28 16:30:31.386141
4740000|2.2241|0|2024-04-28 16:30:31.386141
4747000|4.7717|1|2024-04-28 16:30:31.388225
4748000|3.2805|1|2024-04-28 16:30:31.388225
4749000|15.0|1|2024-04-28 16:30:31.388225
4750000|6.6422|1|2024-04-28 16:30:31.388225
4751000|3.1407|1|2024-04-28 16:30:31.388225
4745000|1.8013|0|2024-04-28 16:30:36.500946
4743000|2.103|0|2024-04-28 16:30:36.500946
4742000|0.0211|0|2024-04-28 16:30:36.500946
4741000|0.067|0|2024-04-28 16:30:36.500946
4740000|18.0005|0|2024-04-28 16:30:36.500946
4746000|1.6598|1|2024-04-28 16:30:36.503078
4747000|3.0384|1|2024-04-28 16:30:36.503078
4748000|5.0159|1|2024-04-28 16:30:36.503078
4749000|18.1407|1|2024-04-28 16:30:36.503078
4750000|6.6422|1|2024-04-28 16:30:36.503078
4745000|1.1917|0|2024-04-28 16:30:41.624983
4743000|2.1034|0|2024-04-28 16:30:41.624983
4742000|0.0211|0|2024-04-28 16:30:41.624983
4740000|16.4599|0|2024-04-28 16:30:41.624983
4739000|1.5464|0|2024-04-28 16:30:41.624983
4746000|1.6598|1|2024-04-28 16:30:41.627221
4747000|3.0384|1|2024-04-28 16:30:41.627221
4748000|5.0159|1|2024-04-28 16:30:41.627221
4749000|18.1407|1|2024-04-28 16:30:41.627221
4750000|6.6422|1|2024-04-28 16:30:41.627221
4745000|1.1877|0|2024-04-28 16:30:46.756608
4743000|2.1034|0|2024-04-28 16:30:46.756608
4742000|0.0211|0|2024-04-28 16:30:46.756608
4740000|17.6651|0|2024-04-28 16:30:46.756608
4739000|1.211|0|2024-04-28 16:30:46.756608
4746000|1.6598|1|2024-04-28 16:30:46.758643
4747000|3.0384|1|2024-04-28 16:30:46.758643
4748000|5.0159|1|2024-04-28 16:30:46.758643
4749000|18.1407|1|2024-04-28 16:30:46.758643
4750000|6.6422|1|2024-04-28 16:30:46.758643
4746000|0.0686|0|2024-04-28 16:30:51.875330
4745000|1.1877|0|2024-04-28 16:30:51.875330
4743000|2.1034|0|2024-04-28 16:30:51.875330
4742000|0.0211|0|2024-04-28 16:30:51.875330
4741000|0.0583|0|2024-04-28 16:30:51.875330
4747000|0.4188|1|2024-04-28 16:30:51.877447
4748000|5.4325|1|2024-04-28 16:30:51.877447
4749000|3.1407|1|2024-04-28 16:30:51.877447
4750000|21.6422|1|2024-04-28 16:30:51.877447
4751000|5.6256|1|2024-04-28 16:30:51.877447
4746000|0.0686|0|2024-04-28 16:30:57.010792
4745000|1.1877|0|2024-04-28 16:30:57.010792
4743000|2.1034|0|2024-04-28 16:30:57.010792
4742000|3.6111|0|2024-04-28 16:30:57.010792
4741000|0.0583|0|2024-04-28 16:30:57.010792
4747000|4.0088|1|2024-04-28 16:30:57.012920
4748000|1.8425|1|2024-04-28 16:30:57.012920
4749000|6.59|1|2024-04-28 16:30:57.012920
4750000|18.1929|1|2024-04-28 16:30:57.012920
4751000|10.5752|1|2024-04-28 16:30:57.012920
4746000|0.0046|0|2024-04-28 16:31:02.134778
4745000|4.7777|0|2024-04-28 16:31:02.134778
4744000|2.1039|0|2024-04-28 16:31:02.134778
4743000|15.3354|0|2024-04-28 16:31:02.134778
4742000|3.6111|0|2024-04-28 16:31:02.134778
4747000|0.3407|1|2024-04-28 16:31:02.136851
4750000|5.4821|1|2024-04-28 16:31:02.136851
4751000|6.59|1|2024-04-28 16:31:02.136851
4752000|19.0|1|2024-04-28 16:31:02.136851
4753000|4.4468|1|2024-04-28 16:31:02.136851
4745000|1.1704|0|2024-04-28 16:31:07.292187
4743000|2.1039|0|2024-04-28 16:31:07.292187
4742000|15.0211|0|2024-04-28 16:31:07.292187
4741000|2.2049|0|2024-04-28 16:31:07.292187
4740000|1.4599|0|2024-04-28 16:31:07.292187
4747000|0.3407|1|2024-04-28 16:31:07.294210
4748000|3.59|1|2024-04-28 16:31:07.294210
4749000|1.8399|1|2024-04-28 16:31:07.294210
4750000|3.1929|1|2024-04-28 16:31:07.294210
4751000|6.59|1|2024-04-28 16:31:07.294210
4745000|1.1533|0|2024-04-28 16:31:12.417733
4743000|2.1039|0|2024-04-28 16:31:12.417733
4742000|0.0211|0|2024-04-28 16:31:12.417733
4741000|0.0637|0|2024-04-28 16:31:12.417733
4740000|18.0003|0|2024-04-28 16:31:12.417733
4747000|0.3407|1|2024-04-28 16:31:12.419900
4748000|5.4299|1|2024-04-28 16:31:12.419900
4749000|3.0|1|2024-04-28 16:31:12.419900
4750000|18.1929|1|2024-04-28 16:31:12.419900
4751000|8.795|1|2024-04-28 16:31:12.419900
4742000|2.125|0|2024-04-28 16:31:17.564074
4740000|16.4599|0|2024-04-28 16:31:17.564074
4739000|1.5466|0|2024-04-28 16:31:17.564074
4738000|1.3934|0|2024-04-28 16:31:17.564074
4737000|1.3125|0|2024-04-28 16:31:17.564074
4745000|0.6643|1|2024-04-28 16:31:17.566100
4746000|1.8423|1|2024-04-28 16:31:17.566100
4747000|0.4814|1|2024-04-28 16:31:17.566100
4748000|3.59|1|2024-04-28 16:31:17.566100
4749000|3.0|1|2024-04-28 16:31:17.566100
4742000|2.125|0|2024-04-28 16:31:22.680163
4741000|1.2052|0|2024-04-28 16:31:22.680163
4740000|16.4599|0|2024-04-28 16:31:22.680163
4739000|1.5466|0|2024-04-28 16:31:22.680163
4738000|1.3934|0|2024-04-28 16:31:22.680163
4745000|0.6078|1|2024-04-28 16:31:22.682193
4747000|2.1843|1|2024-04-28 16:31:22.682193
4748000|3.59|1|2024-04-28 16:31:22.682193
4749000|3.0|1|2024-04-28 16:31:22.682193
4750000|18.4983|1|2024-04-28 16:31:22.682193
4742000|18.3299|0|2024-04-28 16:31:27.801426
4740000|1.7953|0|2024-04-28 16:31:27.801426
4739000|1.211|0|2024-04-28 16:31:27.801426
4738000|1.3934|0|2024-04-28 16:31:27.801426
4737000|1.3125|0|2024-04-28 16:31:27.801426
4745000|0.5407|1|2024-04-28 16:31:27.803552
4747000|2.1843|1|2024-04-28 16:31:27.803552
4748000|3.59|1|2024-04-28 16:31:27.803552
4749000|3.0|1|2024-04-28 16:31:27.803552
4750000|18.4983|1|2024-04-28 16:31:27.803552
4744000|2.1039|0|2024-04-28 16:31:32.919439
4742000|15.3563|0|2024-04-28 16:31:32.919439
4741000|1.0|0|2024-04-28 16:31:32.919439
4740000|1.4599|0|2024-04-28 16:31:32.919439
4739000|1.638|0|2024-04-28 16:31:32.919439
4747000|0.3116|1|2024-04-28 16:31:32.921474
4750000|1.8958|1|2024-04-28 16:31:32.921474
4751000|25.18|1|2024-04-28 16:31:32.921474
4752000|4.0|1|2024-04-28 16:31:32.921474
4753000|4.4468|1|2024-04-28 16:31:32.921474
4744000|3.3083|0|2024-04-28 16:31:38.032867
4742000|15.3563|0|2024-04-28 16:31:38.032867
4741000|1.0|0|2024-04-28 16:31:38.032867
4740000|1.4599|0|2024-04-28 16:31:38.032867
4739000|1.638|0|2024-04-28 16:31:38.032867
4747000|0.3116|1|2024-04-28 16:31:38.034901
4750000|1.8958|1|2024-04-28 16:31:38.034901
4751000|25.18|1|2024-04-28 16:31:38.034901
4752000|4.0|1|2024-04-28 16:31:38.034901
4753000|4.4468|1|2024-04-28 16:31:38.034901
4743000|2.1039|0|2024-04-28 16:31:43.217531
4742000|15.3565|0|2024-04-28 16:31:43.217531
4741000|1.0|0|2024-04-28 16:31:43.217531
4740000|1.4599|0|2024-04-28 16:31:43.217531
4739000|1.638|0|2024-04-28 16:31:43.217531
4747000|0.3116|1|2024-04-28 16:31:43.219695
4750000|1.8958|1|2024-04-28 16:31:43.219695
4751000|21.59|1|2024-04-28 16:31:43.219695
4752000|4.0|1|2024-04-28 16:31:43.219695
4753000|4.4468|1|2024-04-28 16:31:43.219695
4744000|0.4215|0|2024-04-28 16:31:48.349563
4743000|3.3074|0|2024-04-28 16:31:48.349563
4742000|15.5609|0|2024-04-28 16:31:48.349563
4741000|1.0|0|2024-04-28 16:31:48.349563
4740000|1.4599|0|2024-04-28 16:31:48.349563
4747000|0.16|1|2024-04-28 16:31:48.351638
4750000|1.8958|1|2024-04-28 16:31:48.351638
4751000|21.59|1|2024-04-28 16:31:48.351638
4752000|4.0|1|2024-04-28 16:31:48.351638
4753000|4.4468|1|2024-04-28 16:31:48.351638
4744000|0.4215|0|2024-04-28 16:31:53.487870
4743000|3.3074|0|2024-04-28 16:31:53.487870
4742000|15.2255|0|2024-04-28 16:31:53.487870
4741000|1.3351|0|2024-04-28 16:31:53.487870
4740000|1.4599|0|2024-04-28 16:31:53.487870
4746000|0.0166|1|2024-04-28 16:31:53.490026
4747000|0.16|1|2024-04-28 16:31:53.490026
4750000|1.9169|1|2024-04-28 16:31:53.490026
4751000|21.59|1|2024-04-28 16:31:53.490026
4752000|4.0|1|2024-04-28 16:31:53.490026
4744000|0.4215|0|2024-04-28 16:31:58.602829
4743000|2.103|0|2024-04-28 16:31:58.602829
4742000|10.4803|0|2024-04-28 16:31:58.602829
4741000|2.2043|0|2024-04-28 16:31:58.602829
4740000|5.0499|0|2024-04-28 16:31:58.602829
4746000|0.0166|1|2024-04-28 16:31:58.604914
4747000|0.16|1|2024-04-28 16:31:58.604914
4749000|3.59|1|2024-04-28 16:31:58.604914
4750000|0.0733|1|2024-04-28 16:31:58.604914
4751000|21.9245|1|2024-04-28 16:31:58.604914
4742000|3.104|0|2024-04-28 16:32:03.718960
4741000|16.0934|0|2024-04-28 16:32:03.718960
4740000|2.6644|0|2024-04-28 16:32:03.718960
4739000|1.5465|0|2024-04-28 16:32:03.718960
4738000|1.3934|0|2024-04-28 16:32:03.718960
4746000|0.0166|1|2024-04-28 16:32:03.721180
4747000|0.16|1|2024-04-28 16:32:03.721180
4748000|1.8759|1|2024-04-28 16:32:03.721180
4749000|3.59|1|2024-04-28 16:32:03.721180
4750000|0.0733|1|2024-04-28 16:32:03.721180
4742000|3.104|0|2024-04-28 16:32:08.837862
4741000|17.2979|0|2024-04-28 16:32:08.837862
4740000|1.4599|0|2024-04-28 16:32:08.837862
4739000|1.5465|0|2024-04-28 16:32:08.837862
4738000|1.3934|0|2024-04-28 16:32:08.837862
4747000|0.0125|1|2024-04-28 16:32:08.840149
4748000|1.8759|1|2024-04-28 16:32:08.840149
4749000|3.59|1|2024-04-28 16:32:08.840149
4750000|0.0733|1|2024-04-28 16:32:08.840149
4751000|21.9249|1|2024-04-28 16:32:08.840149
4744000|0.4215|0|2024-04-28 16:32:13.963410
4742000|4.4178|0|2024-04-28 16:32:13.963410
4741000|12.694|0|2024-04-28 16:32:13.963410
4740000|1.4599|0|2024-04-28 16:32:13.963410
4739000|5.1365|0|2024-04-28 16:32:13.963410
4747000|0.0125|1|2024-04-28 16:32:13.965521
4749000|0.1407|1|2024-04-28 16:32:13.965521
4750000|1.9787|1|2024-04-28 16:32:13.965521
4751000|21.59|1|2024-04-28 16:32:13.965521
4752000|3.7856|1|2024-04-28 16:32:13.965521
4745000|0.4123|0|2024-04-28 16:32:19.081043
4743000|3.4162|0|2024-04-28 16:32:19.081043
4742000|16.0|0|2024-04-28 16:32:19.081043
4741000|4.0417|0|2024-04-28 16:32:19.081043
4740000|1.7951|0|2024-04-28 16:32:19.081043
4750000|5.5687|1|2024-04-28 16:32:19.083284
4751000|21.59|1|2024-04-28 16:32:19.083284
4752000|8.7044|1|2024-04-28 16:32:19.083284
4753000|4.0|1|2024-04-28 16:32:19.083284
4754000|5.204|1|2024-04-28 16:32:19.083284
4745000|0.4123|0|2024-04-28 16:32:24.195956
4744000|1.3114|0|2024-04-28 16:32:24.195956
4743000|1.4475|0|2024-04-28 16:32:24.195956
4742000|16.335|0|2024-04-28 16:32:24.195956
4741000|4.0427|0|2024-04-28 16:32:24.195956
4750000|0.2861|1|2024-04-28 16:32:24.197996
4751000|2.0078|1|2024-04-28 16:32:24.197996
4752000|15.0|1|2024-04-28 16:32:24.197996
4753000|6.59|1|2024-04-28 16:32:24.197996
4754000|4.3346|1|2024-04-28 16:32:24.197996
4747000|1.39|0|2024-04-28 16:32:29.317354
4746000|0.5562|0|2024-04-28 16:32:29.317354
4745000|23.18|0|2024-04-28 16:32:29.317354
4744000|1.3352|0|2024-04-28 16:32:29.317354
4743000|7.256|0|2024-04-28 16:32:29.317354
4753000|3.59|1|2024-04-28 16:32:29.319505
4754000|1.8988|1|2024-04-28 16:32:29.319505
4755000|18.4926|1|2024-04-28 16:32:29.319505
4756000|12.3167|1|2024-04-28 16:32:29.319505
4757000|4.4155|1|2024-04-28 16:32:29.319505
4747000|16.304|0|2024-04-28 16:32:34.435772
4746000|1.4457|0|2024-04-28 16:32:34.435772
4745000|4.9254|0|2024-04-28 16:32:34.435772
4744000|11.0|0|2024-04-28 16:32:34.435772
4743000|1.4385|0|2024-04-28 16:32:34.435772
4750000|0.0001|1|2024-04-28 16:32:34.437790
4754000|1.9084|1|2024-04-28 16:32:34.437790
4755000|19.0826|1|2024-04-28 16:32:34.437790
4756000|0.022|1|2024-04-28 16:32:34.437790
4757000|3.7496|1|2024-04-28 16:32:34.437790
4748000|3.3002|0|2024-04-28 16:32:39.567070
4747000|4.59|0|2024-04-28 16:32:39.567070
4746000|1.6325|0|2024-04-28 16:32:39.567070
4745000|19.59|0|2024-04-28 16:32:39.567070
4744000|11.3354|0|2024-04-28 16:32:39.567070
4754000|1.8484|1|2024-04-28 16:32:39.569191
4755000|19.0826|1|2024-04-28 16:32:39.569191
4756000|3.612|1|2024-04-28 16:32:39.569191
4757000|3.7498|1|2024-04-28 16:32:39.569191
4758000|4.0221|1|2024-04-28 16:32:39.569191
4747000|2.1008|0|2024-04-28 16:32:44.678463
4746000|1.6443|0|2024-04-28 16:32:44.678463
4745000|16.0|0|2024-04-28 16:32:44.678463
4744000|11.0|0|2024-04-28 16:32:44.678463
4743000|5.0285|0|2024-04-28 16:32:44.678463
4753000|1.9275|1|2024-04-28 16:32:44.680562
4754000|15.0|1|2024-04-28 16:32:44.680562
4755000|0.827|1|2024-04-28 16:32:44.680562
4756000|3.022|1|2024-04-28 16:32:44.680562
4757000|8.0055|1|2024-04-28 16:32:44.680562
4747000|2.1008|0|2024-04-28 16:32:49.808413
4746000|2.8473|0|2024-04-28 16:32:49.808413
4745000|16.0|0|2024-04-28 16:32:49.808413
4744000|11.0|0|2024-04-28 16:32:49.808413
4743000|5.3637|0|2024-04-28 16:32:49.808413
4753000|1.9275|1|2024-04-28 16:32:49.810496
4754000|18.59|1|2024-04-28 16:32:49.810496
4755000|0.4926|1|2024-04-28 16:32:49.810496
4756000|6.9461|1|2024-04-28 16:32:49.810496
4757000|5.6185|1|2024-04-28 16:32:49.810496
4747000|5.678|0|2024-04-28 16:32:54.938076
4746000|6.4373|0|2024-04-28 16:32:54.938076
4745000|16.0|0|2024-04-28 16:32:54.938076
4744000|14.9252|0|2024-04-28 16:32:54.938076
4743000|1.4385|0|2024-04-28 16:32:54.938076
4751000|4.9725|1|2024-04-28 16:32:54.940230
4753000|1.7266|1|2024-04-28 16:32:54.940230
4754000|18.59|1|2024-04-28 16:32:54.940230
4755000|0.4926|1|2024-04-28 16:32:54.940230
4756000|6.9461|1|2024-04-28 16:32:54.940230
4749000|2.5485|0|2024-04-28 16:33:00.081921
4748000|1.2025|0|2024-04-28 16:33:00.081921
4747000|23.6013|0|2024-04-28 16:33:00.081921
4746000|1.0|0|2024-04-28 16:33:00.081921
4745000|1.3351|0|2024-04-28 16:33:00.081921
4751000|1.0292|1|2024-04-28 16:33:00.084022
4754000|1.9162|1|2024-04-28 16:33:00.084022
4755000|15.4926|1|2024-04-28 16:33:00.084022
4756000|6.612|1|2024-04-28 16:33:00.084022
4757000|3.7497|1|2024-04-28 16:33:00.084022
4751000|0.0647|0|2024-04-28 16:33:05.199755
4750000|2.1008|0|2024-04-28 16:33:05.199755
4749000|2.0447|0|2024-04-28 16:33:05.199755
4748000|4.59|0|2024-04-28 16:33:05.199755
4747000|19.5772|0|2024-04-28 16:33:05.199755
4755000|0.3519|1|2024-04-28 16:33:05.201911
4756000|20.4823|1|2024-04-28 16:33:05.201911
4757000|3.4368|1|2024-04-28 16:33:05.201911
4758000|3.0221|1|2024-04-28 16:33:05.201911
4759000|7.5941|1|2024-04-28 16:33:05.201911
4751000|0.0012|0|2024-04-28 16:33:10.321709
4749000|2.5485|0|2024-04-28 16:33:10.321709
4747000|8.5619|0|2024-04-28 16:33:10.321709
4746000|1.0|0|2024-04-28 16:33:10.321709
4745000|20.0285|0|2024-04-28 16:33:10.321709
4752000|5.0|1|2024-04-28 16:33:10.323789
4754000|1.8703|1|2024-04-28 16:33:10.323789
4755000|0.3565|1|2024-04-28 16:33:10.323789
4756000|18.9461|1|2024-04-28 16:33:10.323789
4757000|3.1024|1|2024-04-28 16:33:10.323789
4751000|0.0012|0|2024-04-28 16:33:15.433655
4749000|2.5485|0|2024-04-28 16:33:15.433655
4748000|0.3949|0|2024-04-28 16:33:15.433655
4747000|5.78|0|2024-04-28 16:33:15.433655
4746000|4.59|0|2024-04-28 16:33:15.433655
4752000|3.0536|1|2024-04-28 16:33:15.435691
4753000|3.59|1|2024-04-28 16:33:15.435691
4754000|1.8703|1|2024-04-28 16:33:15.435691
4755000|0.4972|1|2024-04-28 16:33:15.435691
4756000|15.3561|1|2024-04-28 16:33:15.435691
4747000|3.5772|0|2024-04-28 16:33:20.547855
4746000|2.4564|0|2024-04-28 16:33:20.547855
4745000|6.244|0|2024-04-28 16:33:20.547855
4744000|26.0|0|2024-04-28 16:33:20.547855
4743000|1.0|0|2024-04-28 16:33:20.547855
4752000|4.7257|1|2024-04-28 16:33:20.549968
4753000|18.59|1|2024-04-28 16:33:20.549968
4754000|0.3346|1|2024-04-28 16:33:20.549968
4755000|7.0872|1|2024-04-28 16:33:20.549968
4756000|5.6531|1|2024-04-28 16:33:20.549968
4747000|3.5772|0|2024-04-28 16:33:25.684708
4745000|0.4507|0|2024-04-28 16:33:25.684708
4744000|26.0|0|2024-04-28 16:33:25.684708
4743000|1.0|0|2024-04-28 16:33:25.684708
4742000|1.7947|0|2024-04-28 16:33:25.684708
4752000|4.7257|1|2024-04-28 16:33:25.686710
4753000|18.7306|1|2024-04-28 16:33:25.686710
4754000|3.3348|1|2024-04-28 16:33:25.686710
4755000|9.7265|1|2024-04-28 16:33:25.686710
4756000|4.4497|1|2024-04-28 16:33:25.686710
4748000|0.8424|0|2024-04-28 16:33:30.799966
4747000|2.1012|0|2024-04-28 16:33:30.799966
4745000|2.0041|0|2024-04-28 16:33:30.799966
4744000|1.0|0|2024-04-28 16:33:30.799966
4743000|16.335|0|2024-04-28 16:33:30.799966
4752000|4.5911|1|2024-04-28 16:33:30.801984
4753000|18.1406|1|2024-04-28 16:33:30.801984
4754000|3.0|1|2024-04-28 16:33:30.801984
4755000|11.8707|1|2024-04-28 16:33:30.801984
4756000|5.6531|1|2024-04-28 16:33:30.801984
4748000|0.8424|0|2024-04-28 16:33:35.920013
4746000|2.1008|0|2024-04-28 16:33:35.920013
4745000|0.4507|0|2024-04-28 16:33:35.920013
4744000|0.3501|0|2024-04-28 16:33:35.920013
4743000|19.59|0|2024-04-28 16:33:35.920013
4751000|1.3455|1|2024-04-28 16:33:35.922007
4752000|6.3728|1|2024-04-28 16:33:35.922007
4753000|18.1406|1|2024-04-28 16:33:35.922007
4754000|8.7045|1|2024-04-28 16:33:35.922007
4755000|9.7265|1|2024-04-28 16:33:35.922007
4748000|0.8424|0|2024-04-28 16:33:41.045029
4746000|2.1008|0|2024-04-28 16:33:41.045029
4745000|4.1047|0|2024-04-28 16:33:41.045029
4744000|1.3129|0|2024-04-28 16:33:41.045029
4743000|17.2037|0|2024-04-28 16:33:41.045029
4749000|2.1849|1|2024-04-28 16:33:41.047203
4751000|6.7864|1|2024-04-28 16:33:41.047203
4752000|9.3728|1|2024-04-28 16:33:41.047203
4753000|18.4753|1|2024-04-28 16:33:41.047203
4754000|10.5737|1|2024-04-28 16:33:41.047203
4748000|0.8424|0|2024-04-28 16:33:46.156547
4746000|2.1008|0|2024-04-28 16:33:46.156547
4745000|4.1047|0|2024-04-28 16:33:46.156547
4743000|17.2037|0|2024-04-28 16:33:46.156547
4742000|5.0496|0|2024-04-28 16:33:46.156547
4749000|0.1757|1|2024-04-28 16:33:46.158540
4751000|6.7864|1|2024-04-28 16:33:46.158540
4752000|6.59|1|2024-04-28 16:33:46.158540
4753000|18.4753|1|2024-04-28 16:33:46.158540
4754000|10.5737|1|2024-04-28 16:33:46.158540
4748000|0.8424|0|2024-04-28 16:33:51.285273
4746000|5.6908|0|2024-04-28 16:33:51.285273
4745000|1.7911|0|2024-04-28 16:33:51.285273
4744000|3.59|0|2024-04-28 16:33:51.285273
4743000|17.2037|0|2024-04-28 16:33:51.285273
4751000|3.59|1|2024-04-28 16:33:51.287470
4752000|8.3351|1|2024-04-28 16:33:51.287470
4753000|18.4753|1|2024-04-28 16:33:51.287470
4754000|10.5737|1|2024-04-28 16:33:51.287470
4755000|9.7265|1|2024-04-28 16:33:51.287470
4748000|0.8424|0|2024-04-28 16:33:56.399804
4747000|3.59|0|2024-04-28 16:33:56.399804
4746000|18.3694|0|2024-04-28 16:33:56.399804
4745000|5.3081|0|2024-04-28 16:33:56.399804
4743000|1.0|0|2024-04-28 16:33:56.399804
4749000|0.6311|1|2024-04-28 16:33:56.402052
4752000|5.319|1|2024-04-28 16:33:56.402052
4753000|18.1406|1|2024-04-28 16:33:56.402052
4754000|4.0|1|2024-04-28 16:33:56.402052
4755000|8.2812|1|2024-04-28 16:33:56.402052
4748000|0.8397|0|2024-04-28 16:34:01.570612
4747000|4.826|0|2024-04-28 16:34:01.570612
4745000|20.3081|0|2024-04-28 16:34:01.570612
4744000|1.0|0|2024-04-28 16:34:01.570612
4743000|1.0|0|2024-04-28 16:34:01.570612
4749000|0.5818|1|2024-04-28 16:34:01.572902
4753000|5.4302|1|2024-04-28 16:34:01.572902
4754000|18.3347|1|2024-04-28 16:34:01.572902
4755000|7.9465|1|2024-04-28 16:34:01.572902
4756000|5.6598|1|2024-04-28 16:34:01.572902
4748000|0.8381|0|2024-04-28 16:34:06.702957
4747000|3.59|0|2024-04-28 16:34:06.702957
4746000|3.3372|0|2024-04-28 16:34:06.702957
4745000|19.1047|0|2024-04-28 16:34:06.702957
4744000|2.2034|0|2024-04-28 16:34:06.702957
4749000|0.5818|1|2024-04-28 16:34:06.705278
4752000|5.2896|1|2024-04-28 16:34:06.705278
4753000|0.4748|1|2024-04-28 16:34:06.705278
4754000|18.0|1|2024-04-28 16:34:06.705278
4755000|9.1499|1|2024-04-28 16:34:06.705278
4746000|3.59|0|2024-04-28 16:34:11.831409
4745000|3.7865|0|2024-04-28 16:34:11.831409
4744000|5.8576|0|2024-04-28 16:34:11.831409
4743000|16.0|0|2024-04-28 16:34:11.831409
4742000|6.3911|0|2024-04-28 16:34:11.831409
4748000|1.3302|1|2024-04-28 16:34:11.833405
4749000|0.5818|1|2024-04-28 16:34:11.833405
4751000|5.2871|1|2024-04-28 16:34:11.833405
4752000|15.3349|1|2024-04-28 16:34:11.833405
4753000|6.59|1|2024-04-28 16:34:11.833405
4748000|0.001|0|2024-04-28 16:34:16.946761
4746000|5.6912|0|2024-04-28 16:34:16.946761
4745000|1.6853|0|2024-04-28 16:34:16.946761
4744000|5.8576|0|2024-04-28 16:34:16.946761
4743000|16.0|0|2024-04-28 16:34:16.946761
4749000|0.5863|1|2024-04-28 16:34:16.948980
4751000|5.2871|1|2024-04-28 16:34:16.948980
4752000|15.3731|1|2024-04-28 16:34:16.948980
4753000|6.59|1|2024-04-28 16:34:16.948980
4754000|3.0|1|2024-04-28 16:34:16.948980
4746000|9.2692|0|2024-04-28 16:34:22.064355
4745000|0.4507|0|2024-04-28 16:34:22.064355
4744000|4.654|0|2024-04-28 16:34:22.064355
4743000|17.2036|0|2024-04-28 16:34:22.064355
4742000|6.3911|0|2024-04-28 16:34:22.064355
4748000|4.9977|1|2024-04-28 16:34:22.066377
4749000|0.4621|1|2024-04-28 16:34:22.066377
4751000|5.2871|1|2024-04-28 16:34:22.066377
4752000|15.3726|1|2024-04-28 16:34:22.066377
4753000|6.59|1|2024-04-28 16:34:22.066377
4746000|3.5761|0|2024-04-28 16:34:27.181290
4745000|6.1424|0|2024-04-28 16:34:27.181290
4744000|0.064|0|2024-04-28 16:34:27.181290
4743000|20.7936|0|2024-04-28 16:34:27.181290
4742000|6.3911|0|2024-04-28 16:34:27.181290
4748000|2.8299|1|2024-04-28 16:34:27.183350
4749000|0.4621|1|2024-04-28 16:34:27.183350
4751000|2.0496|1|2024-04-28 16:34:27.183350
4752000|15.0382|1|2024-04-28 16:34:27.183350
4753000|6.59|1|2024-04-28 16:34:27.183350
4746000|4.2678|0|2024-04-28 16:34:32.321038
4745000|0.4507|0|2024-04-28 16:34:32.321038
4744000|1.3294|0|2024-04-28 16:34:32.321038
4743000|20.7936|0|2024-04-28 16:34:32.321038
4742000|6.3911|0|2024-04-28 16:34:32.321038
4748000|2.6063|1|2024-04-28 16:34:32.323201
4749000|0.4621|1|2024-04-28 16:34:32.323201
4750000|3.59|1|2024-04-28 16:34:32.323201
4751000|1.732|1|2024-04-28 16:34:32.323201
4752000|15.3725|1|2024-04-28 16:34:32.323201
4746000|3.59|0|2024-04-28 16:34:37.457153
4745000|0.4507|0|2024-04-28 16:34:37.457153
4744000|3.4311|0|2024-04-28 16:34:37.457153
4743000|20.7936|0|2024-04-28 16:34:37.457153
4742000|6.3911|0|2024-04-28 16:34:37.457153
4749000|0.4621|1|2024-04-28 16:34:37.459247
4750000|3.59|1|2024-04-28 16:34:37.459247
4751000|2.067|1|2024-04-28 16:34:37.459247
4752000|18.6282|1|2024-04-28 16:34:37.459247
4753000|3.0|1|2024-04-28 16:34:37.459247
4746000|1.9638|0|2024-04-28 16:34:42.573578
4745000|4.0407|0|2024-04-28 16:34:42.573578
4744000|0.064|0|2024-04-28 16:34:42.573578
4743000|16.0|0|2024-04-28 16:34:42.573578
4742000|1.0211|0|2024-04-28 16:34:42.573578
4749000|0.4621|1|2024-04-28 16:34:42.575639
4751000|5.3307|1|2024-04-28 16:34:42.575639
4752000|15.3725|1|2024-04-28 16:34:42.575639
4753000|3.0|1|2024-04-28 16:34:42.575639
4754000|8.0365|1|2024-04-28 16:34:42.575639
4748000|1.0|0|2024-04-28 16:34:47.689295
4746000|1.9412|0|2024-04-28 16:34:47.689295
4745000|0.4507|0|2024-04-28 16:34:47.689295
4744000|3.654|0|2024-04-28 16:34:47.689295
4743000|17.2037|0|2024-04-28 16:34:47.689295
4749000|4.0521|1|2024-04-28 16:34:47.691433
4750000|1.7581|1|2024-04-28 16:34:47.691433
4751000|3.9246|1|2024-04-28 16:34:47.691433
4752000|15.0382|1|2024-04-28 16:34:47.691433
4753000|8.37|1|2024-04-28 16:34:47.691433
4748000|1.0|0|2024-04-28 16:34:52.818114
4746000|1.9412|0|2024-04-28 16:34:52.818114
4745000|4.0407|0|2024-04-28 16:34:52.818114
4744000|0.0682|0|2024-04-28 16:34:52.818114
4743000|16.0|0|2024-04-28 16:34:52.818114
4749000|0.4436|1|2024-04-28 16:34:52.820193
4750000|1.7581|1|2024-04-28 16:34:52.820193
4751000|3.9246|1|2024-04-28 16:34:52.820193
4752000|15.0382|1|2024-04-28 16:34:52.820193
4753000|8.37|1|2024-04-28 16:34:52.820193
4748000|1.0|0|2024-04-28 16:34:57.930491
4746000|1.9412|0|2024-04-28 16:34:57.930491
4745000|4.0407|0|2024-04-28 16:34:57.930491
4744000|1.2718|0|2024-04-28 16:34:57.930491
4743000|16.0|0|2024-04-28 16:34:57.930491
4749000|3.9635|1|2024-04-28 16:34:57.932592
4751000|5.6827|1|2024-04-28 16:34:57.932592
4752000|15.0382|1|2024-04-28 16:34:57.932592
4753000|8.37|1|2024-04-28 16:34:57.932592
4754000|4.4465|1|2024-04-28 16:34:57.932592
4748000|1.0|0|2024-04-28 16:35:03.046294
4747000|2.1017|0|2024-04-28 16:35:03.046294
4746000|3.59|0|2024-04-28 16:35:03.046294
4745000|0.4507|0|2024-04-28 16:35:03.046294
4744000|4.8618|0|2024-04-28 16:35:03.046294
4751000|9.2727|1|2024-04-28 16:35:03.048388
4752000|15.0382|1|2024-04-28 16:35:03.048388
4753000|8.37|1|2024-04-28 16:35:03.048388
4754000|4.0|1|2024-04-28 16:35:03.048388
4755000|10.9256|1|2024-04-28 16:35:03.048388
4748000|4.59|0|2024-04-28 16:35:08.163303
4747000|2.1017|0|2024-04-28 16:35:08.163303
4746000|0.3997|0|2024-04-28 16:35:08.163303
4745000|4.0407|0|2024-04-28 16:35:08.163303
4744000|1.0042|0|2024-04-28 16:35:08.163303
4752000|3.5719|1|2024-04-28 16:35:08.165333
4753000|15.3349|1|2024-04-28 16:35:08.165333
4754000|6.59|1|2024-04-28 16:35:08.165333
4755000|4.3519|1|2024-04-28 16:35:08.165333
4756000|9.8263|1|2024-04-28 16:35:08.165333
4747000|2.1017|0|2024-04-28 16:35:13.282144
4746000|3.9897|0|2024-04-28 16:35:13.282144
4745000|4.0407|0|2024-04-28 16:35:13.282144
4744000|2.2078|0|2024-04-28 16:35:13.282144
4743000|21.7904|0|2024-04-28 16:35:13.282144
4748000|4.0131|1|2024-04-28 16:35:13.284350
4751000|3.9248|1|2024-04-28 16:35:13.284350
4752000|1.7162|1|2024-04-28 16:35:13.284350
4753000|15.0|1|2024-04-28 16:35:13.284350
4754000|6.6282|1|2024-04-28 16:35:13.284350
4748000|6.4499|0|2024-04-28 16:35:18.441072
4746000|5.6908|0|2024-04-28 16:35:18.441072
4745000|0.4507|0|2024-04-28 16:35:18.441072
4744000|5.8618|0|2024-04-28 16:35:18.441072
4743000|21.8026|0|2024-04-28 16:35:18.441072
4752000|2.0377|1|2024-04-28 16:35:18.443144
4753000|15.0382|1|2024-04-28 16:35:18.443144
4754000|6.59|1|2024-04-28 16:35:18.443144
4755000|5.5555|1|2024-04-28 16:35:18.443144
4756000|15.1963|1|2024-04-28 16:35:18.443144
4749000|1.9978|0|2024-04-28 16:35:23.561160
4748000|6.4499|0|2024-04-28 16:35:23.561160
4746000|3.59|0|2024-04-28 16:35:23.561160
4745000|0.4507|0|2024-04-28 16:35:23.561160
4744000|4.5942|0|2024-04-28 16:35:23.561160
4752000|0.3345|1|2024-04-28 16:35:23.563453
4753000|21.59|1|2024-04-28 16:35:23.563453
4754000|4.2419|1|2024-04-28 16:35:23.563453
4755000|4.3519|1|2024-04-28 16:35:23.563453
4756000|14.762|1|2024-04-28 16:35:23.563453
4748000|6.4499|0|2024-04-28 16:35:28.704144
4745000|0.4507|0|2024-04-28 16:35:28.704144
4744000|0.0042|0|2024-04-28 16:35:28.704144
4743000|0.4326|0|2024-04-28 16:35:28.704144
4742000|0.0211|0|2024-04-28 16:35:28.704144
4749000|4.5112|1|2024-04-28 16:35:28.706190
4751000|21.925|1|2024-04-28 16:35:28.706190
4752000|4.0|1|2024-04-28 16:35:28.706190
4753000|4.0|1|2024-04-28 16:35:28.706190
4754000|4.0382|1|2024-04-28 16:35:28.706190
4744000|0.0042|0|2024-04-28 16:35:33.824877
4742000|0.0851|0|2024-04-28 16:35:33.824877
4741000|4.0678|0|2024-04-28 16:35:33.824877
4740000|20.0509|0|2024-04-28 16:35:33.824877
4739000|5.8666|0|2024-04-28 16:35:33.824877
4748000|5.2907|1|2024-04-28 16:35:33.827063
4749000|19.5845|1|2024-04-28 16:35:33.827063
4751000|7.59|1|2024-04-28 16:35:33.827063
4752000|4.4493|1|2024-04-28 16:35:33.827063
4753000|14.74|1|2024-04-28 16:35:33.827063
4744000|0.0042|0|2024-04-28 16:35:38.959568
4743000|5.693|0|2024-04-28 16:35:38.959568
4742000|1.1519|0|2024-04-28 16:35:38.959568
4741000|6.591|0|2024-04-28 16:35:38.959568
4740000|17.6654|0|2024-04-28 16:35:38.959568
4747000|3.4934|1|2024-04-28 16:35:38.961598
4748000|1.7166|1|2024-04-28 16:35:38.961598
4749000|22.8398|1|2024-04-28 16:35:38.961598
4750000|0.3349|1|2024-04-28 16:35:38.961598
4751000|5.2046|1|2024-04-28 16:35:38.961598
4744000|0.0042|0|2024-04-28 16:35:44.076519
4743000|5.693|0|2024-04-28 16:35:44.076519
4742000|1.1519|0|2024-04-28 16:35:44.076519
4741000|6.591|0|2024-04-28 16:35:44.076519
4740000|17.6654|0|2024-04-28 16:35:44.076519
4747000|3.4934|1|2024-04-28 16:35:44.078639
4748000|1.7166|1|2024-04-28 16:35:44.078639
4749000|22.8398|1|2024-04-28 16:35:44.078639
4750000|0.3349|1|2024-04-28 16:35:44.078639
4751000|5.2046|1|2024-04-28 16:35:44.078639
4744000|0.0042|0|2024-04-28 16:35:49.206365
4743000|2.103|0|2024-04-28 16:35:49.206365
4742000|0.0211|0|2024-04-28 16:35:49.206365
4741000|3.591|0|2024-04-28 16:35:49.206365
4740000|0.4609|0|2024-04-28 16:35:49.206365
4748000|8.3066|1|2024-04-28 16:35:49.208511
4749000|19.5849|1|2024-04-28 16:35:49.208511
4750000|1.0|1|2024-04-28 16:35:49.208511
4751000|9.37|1|2024-04-28 16:35:49.208511
4752000|4.4493|1|2024-04-28 16:35:49.208511
4744000|0.0042|0|2024-04-28 16:35:54.317876
4743000|2.103|0|2024-04-28 16:35:54.317876
4742000|0.0211|0|2024-04-28 16:35:54.317876
4741000|3.655|0|2024-04-28 16:35:54.317876
4740000|1.5306|0|2024-04-28 16:35:54.317876
4745000|3.59|1|2024-04-28 16:35:54.319927
4747000|3.59|1|2024-04-28 16:35:54.319927
4748000|18.3352|1|2024-04-28 16:35:54.319927
4749000|11.8248|1|2024-04-28 16:35:54.319927
4750000|6.37|1|2024-04-28 16:35:54.319927
4744000|0.0042|0|2024-04-28 16:35:59.441614
4743000|2.103|0|2024-04-28 16:35:59.441614
4742000|0.0211|0|2024-04-28 16:35:59.441614
4741000|3.655|0|2024-04-28 16:35:59.441614
4740000|1.5306|0|2024-04-28 16:35:59.441614
4745000|3.55|1|2024-04-28 16:35:59.443697
4747000|3.59|1|2024-04-28 16:35:59.443697
4748000|18.3352|1|2024-04-28 16:35:59.443697
4749000|11.8248|1|2024-04-28 16:35:59.443697
4750000|6.37|1|2024-04-28 16:35:59.443697
4744000|0.0042|0|2024-04-28 16:36:04.572263
4743000|2.103|0|2024-04-28 16:36:04.572263
4742000|0.0211|0|2024-04-28 16:36:04.572263
4741000|3.655|0|2024-04-28 16:36:04.572263
4740000|1.5306|0|2024-04-28 16:36:04.572263
4745000|3.55|1|2024-04-28 16:36:04.574422
4747000|3.59|1|2024-04-28 16:36:04.574422
4748000|18.3352|1|2024-04-28 16:36:04.574422
4749000|11.8248|1|2024-04-28 16:36:04.574422
4750000|6.37|1|2024-04-28 16:36:04.574422
4744000|0.0042|0|2024-04-28 16:36:09.697184
4743000|2.103|0|2024-04-28 16:36:09.697184
4742000|4.6799|0|2024-04-28 16:36:09.697184
4741000|15.065|0|2024-04-28 16:36:09.697184
4740000|7.0509|0|2024-04-28 16:36:09.697184
4747000|3.0907|1|2024-04-28 16:36:09.699358
4748000|1.7166|1|2024-04-28 16:36:09.699358
4749000|23.1748|1|2024-04-28 16:36:09.699358
4750000|2.2046|1|2024-04-28 16:36:09.699358
4751000|4.0|1|2024-04-28 16:36:09.699358
4744000|0.0042|0|2024-04-28 16:36:14.824319
4743000|5.693|0|2024-04-28 16:36:14.824319
4742000|1.0899|0|2024-04-28 16:36:14.824319
4741000|18.065|0|2024-04-28 16:36:14.824319
4740000|8.2554|0|2024-04-28 16:36:14.824319
4747000|2.9248|1|2024-04-28 16:36:14.826322
4748000|1.7166|1|2024-04-28 16:36:14.826322
4749000|23.1744|1|2024-04-28 16:36:14.826322
4750000|1.0|1|2024-04-28 16:36:14.826322
4751000|5.2046|1|2024-04-28 16:36:14.826322
4747000|0.0019|0|2024-04-28 16:36:19.946793
4744000|3.5942|0|2024-04-28 16:36:19.946793
4743000|2.103|0|2024-04-28 16:36:19.946793
4742000|6.6111|0|2024-04-28 16:36:19.946793
4741000|20.6243|0|2024-04-28 16:36:19.946793
4749000|3.59|1|2024-04-28 16:36:19.948851
4750000|2.0791|1|2024-04-28 16:36:19.948851
4751000|21.59|1|2024-04-28 16:36:19.948851
4752000|5.2042|1|2024-04-28 16:36:19.948851
4753000|4.0|1|2024-04-28 16:36:19.948851
4747000|0.0019|0|2024-04-28 16:36:25.065150
4744000|0.0042|0|2024-04-28 16:36:25.065150
4743000|2.103|0|2024-04-28 16:36:25.065150
4742000|4.6692|0|2024-04-28 16:36:25.065150
4741000|18.42|0|2024-04-28 16:36:25.065150
4748000|5.631|1|2024-04-28 16:36:25.067225
4749000|21.59|1|2024-04-28 16:36:25.067225
4750000|4.0382|1|2024-04-28 16:36:25.067225
4751000|9.37|1|2024-04-28 16:36:25.067225
4752000|4.0|1|2024-04-28 16:36:25.067225
4744000|0.0042|0|2024-04-28 16:36:30.200694
4743000|2.1034|0|2024-04-28 16:36:30.200694
4742000|3.6111|0|2024-04-28 16:36:30.200694
4741000|1.1259|0|2024-04-28 16:36:30.200694
4740000|18.4609|0|2024-04-28 16:36:30.200694
4746000|3.5622|1|2024-04-28 16:36:30.202860
4747000|1.706|1|2024-04-28 16:36:30.202860
4748000|3.9246|1|2024-04-28 16:36:30.202860
4749000|18.0|1|2024-04-28 16:36:30.202860
4750000|4.0382|1|2024-04-28 16:36:30.202860
4742000|2.1241|0|2024-04-28 16:36:35.333168
4741000|0.001|0|2024-04-28 16:36:35.333168
4740000|5.1756|0|2024-04-28 16:36:35.333168
4739000|18.2509|0|2024-04-28 16:36:35.333168
4738000|7.6015|0|2024-04-28 16:36:35.333168
4744000|3.4965|1|2024-04-28 16:36:35.335224
4746000|1.706|1|2024-04-28 16:36:35.335224
4747000|3.59|1|2024-04-28 16:36:35.335224
4748000|3.3708|1|2024-04-28 16:36:35.335224
4749000|24.37|1|2024-04-28 16:36:35.335224
4742000|0.026|0|2024-04-28 16:36:40.450305
4741000|0.001|0|2024-04-28 16:36:40.450305
4740000|4.1168|0|2024-04-28 16:36:40.450305
4739000|18.2509|0|2024-04-28 16:36:40.450305
4738000|8.8069|0|2024-04-28 16:36:40.450305
4744000|2.9072|1|2024-04-28 16:36:40.452374
4745000|1.7028|1|2024-04-28 16:36:40.452374
4746000|15.0|1|2024-04-28 16:36:40.452374
4747000|3.59|1|2024-04-28 16:36:40.452374
4748000|3.3712|1|2024-04-28 16:36:40.452374
4742000|0.026|0|2024-04-28 16:36:45.571186
4741000|0.001|0|2024-04-28 16:36:45.571186
4740000|4.0509|0|2024-04-28 16:36:45.571186
4739000|18.3168|0|2024-04-28 16:36:45.571186
4738000|8.8069|0|2024-04-28 16:36:45.571186
4744000|2.7297|1|2024-04-28 16:36:45.573386
4746000|1.7028|1|2024-04-28 16:36:45.573386
4747000|3.59|1|2024-04-28 16:36:45.573386
4748000|18.3712|1|2024-04-28 16:36:45.573386
4749000|10.5754|1|2024-04-28 16:36:45.573386
4742000|0.026|0|2024-04-28 16:36:50.691218
4741000|0.001|0|2024-04-28 16:36:50.691218
4740000|3.6012|0|2024-04-28 16:36:50.691218
4739000|18.3168|0|2024-04-28 16:36:50.691218
4738000|8.8069|0|2024-04-28 16:36:50.691218
4744000|3.7297|1|2024-04-28 16:36:50.693568
4746000|1.7028|1|2024-04-28 16:36:50.693568
4747000|3.59|1|2024-04-28 16:36:50.693568
4748000|18.0362|1|2024-04-28 16:36:50.693568
4749000|10.5754|1|2024-04-28 16:36:50.693568
4742000|0.026|0|2024-04-28 16:36:55.804299
4741000|0.001|0|2024-04-28 16:36:55.804299
4740000|5.706|0|2024-04-28 16:36:55.804299
4739000|18.3168|0|2024-04-28 16:36:55.804299
4738000|8.8069|0|2024-04-28 16:36:55.804299
4744000|3.7297|1|2024-04-28 16:36:55.806403
4746000|1.7028|1|2024-04-28 16:36:55.806403
4747000|3.59|1|2024-04-28 16:36:55.806403
4748000|18.0362|1|2024-04-28 16:36:55.806403
4749000|10.5754|1|2024-04-28 16:36:55.806403
4742000|0.026|0|2024-04-28 16:37:00.923907
4741000|0.001|0|2024-04-28 16:37:00.923907
4740000|0.0112|0|2024-04-28 16:37:00.923907
4739000|4.1748|0|2024-04-28 16:37:00.923907
4738000|19.0666|0|2024-04-28 16:37:00.923907
4744000|0.9299|1|2024-04-28 16:37:00.925925
4745000|5.2928|1|2024-04-28 16:37:00.925925
4746000|18.0362|1|2024-04-28 16:37:00.925925
4747000|8.37|1|2024-04-28 16:37:00.925925
4748000|4.335|1|2024-04-28 16:37:00.925925
4743000|1.5728|0|2024-04-28 16:37:06.067719
4742000|0.026|0|2024-04-28 16:37:06.067719
4741000|0.001|0|2024-04-28 16:37:06.067719
4740000|0.2792|0|2024-04-28 16:37:06.067719
4739000|5.2213|0|2024-04-28 16:37:06.067719
4744000|0.3216|1|2024-04-28 16:37:06.069826
4745000|5.2928|1|2024-04-28 16:37:06.069826
4746000|18.0|1|2024-04-28 16:37:06.069826
4747000|8.5267|1|2024-04-28 16:37:06.069826
4748000|4.335|1|2024-04-28 16:37:06.069826
4743000|1.5554|0|2024-04-28 16:37:11.190628
4742000|0.026|0|2024-04-28 16:37:11.190628
4741000|0.001|0|2024-04-28 16:37:11.190628
4740000|0.2792|0|2024-04-28 16:37:11.190628
4739000|5.2213|0|2024-04-28 16:37:11.190628
4744000|3.8933|1|2024-04-28 16:37:11.192708
4745000|5.2928|1|2024-04-28 16:37:11.192708
4746000|18.0|1|2024-04-28 16:37:11.192708
4747000|8.5267|1|2024-04-28 16:37:11.192708
4748000|4.0|1|2024-04-28 16:37:11.192708
4743000|1.4146|0|2024-04-28 16:37:16.309088
4742000|0.026|0|2024-04-28 16:37:16.309088
4741000|2.1053|0|2024-04-28 16:37:16.309088
4740000|0.2792|0|2024-04-28 16:37:16.309088
4739000|0.5848|0|2024-04-28 16:37:16.309088
4744000|3.8674|1|2024-04-28 16:37:16.311270
4745000|8.2928|1|2024-04-28 16:37:16.311270
4746000|18.3352|1|2024-04-28 16:37:16.311270
4747000|9.4062|1|2024-04-28 16:37:16.311270
4748000|4.0|1|2024-04-28 16:37:16.311270
4742000|0.026|0|2024-04-28 16:37:21.426577
4741000|2.1053|0|2024-04-28 16:37:21.426577
4740000|0.2792|0|2024-04-28 16:37:21.426577
4739000|1.628|0|2024-04-28 16:37:21.426577
4738000|3.0115|0|2024-04-28 16:37:21.426577
4744000|0.1974|1|2024-04-28 16:37:21.428657
4746000|4.688|1|2024-04-28 16:37:21.428657
4747000|19.0362|1|2024-04-28 16:37:21.428657
4748000|4.3348|1|2024-04-28 16:37:21.428657
4749000|4.4434|1|2024-04-28 16:37:21.428657
4742000|0.026|0|2024-04-28 16:37:26.559344
4741000|2.1053|0|2024-04-28 16:37:26.559344
4740000|0.2792|0|2024-04-28 16:37:26.559344
4739000|3.1688|0|2024-04-28 16:37:26.559344
4738000|6.6015|0|2024-04-28 16:37:26.559344
4744000|4.2068|1|2024-04-28 16:37:26.561363
4746000|4.688|1|2024-04-28 16:37:26.561363
4747000|18.0362|1|2024-04-28 16:37:26.561363
4748000|4.0|1|2024-04-28 16:37:26.561363
4749000|4.4434|1|2024-04-28 16:37:26.561363
4742000|0.026|0|2024-04-28 16:37:31.676554
4741000|2.1053|0|2024-04-28 16:37:31.676554
4740000|0.2792|0|2024-04-28 16:37:31.676554
4739000|2.8336|0|2024-04-28 16:37:31.676554
4738000|6.9369|0|2024-04-28 16:37:31.676554
4744000|4.2068|1|2024-04-28 16:37:31.678547
4745000|1.688|1|2024-04-28 16:37:31.678547
4746000|3.0|1|2024-04-28 16:37:31.678547
4747000|18.0362|1|2024-04-28 16:37:31.678547
4748000|4.0|1|2024-04-28 16:37:31.678547
4742000|0.026|0|2024-04-28 16:37:36.792282
4741000|2.1053|0|2024-04-28 16:37:36.792282
4740000|1.3221|0|2024-04-28 16:37:36.792282
4739000|16.7904|0|2024-04-28 16:37:36.792282
4738000|6.9369|0|2024-04-28 16:37:36.792282
4744000|4.1672|1|2024-04-28 16:37:36.794324
4745000|1.688|1|2024-04-28 16:37:36.794324
4746000|3.0|1|2024-04-28 16:37:36.794324
4747000|18.0362|1|2024-04-28 16:37:36.794324
4748000|4.0|1|2024-04-28 16:37:36.794324
4742000|0.026|0|2024-04-28 16:37:41.942132
4741000|4.3504|0|2024-04-28 16:37:41.942132
4740000|3.2792|0|2024-04-28 16:37:41.942132
4739000|18.9201|0|2024-04-28 16:37:41.942132
4738000|8.0271|0|2024-04-28 16:37:41.942132
4747000|1.688|1|2024-04-28 16:37:41.944299
4748000|18.0362|1|2024-04-28 16:37:41.944299
4749000|4.0|1|2024-04-28 16:37:41.944299
4750000|4.4253|1|2024-04-28 16:37:41.944299
4751000|4.3349|1|2024-04-28 16:37:41.944299
4742000|0.5097|0|2024-04-28 16:37:47.062440
4741000|4.3504|0|2024-04-28 16:37:47.062440
4740000|3.2792|0|2024-04-28 16:37:47.062440
4739000|22.5101|0|2024-04-28 16:37:47.062440
4738000|8.0271|0|2024-04-28 16:37:47.062440
4747000|1.688|1|2024-04-28 16:37:47.064734
4748000|18.0362|1|2024-04-28 16:37:47.064734
4749000|3.0|1|2024-04-28 16:37:47.064734
4750000|4.4253|1|2024-04-28 16:37:47.064734
4751000|4.3349|1|2024-04-28 16:37:47.064734
4742000|0.5097|0|2024-04-28 16:37:52.184110
4741000|4.3504|0|2024-04-28 16:37:52.184110
4740000|3.0112|0|2024-04-28 16:37:52.184110
4739000|22.2421|0|2024-04-28 16:37:52.184110
4738000|8.0271|0|2024-04-28 16:37:52.184110
4747000|1.6157|1|2024-04-28 16:37:52.186198
4748000|18.0362|1|2024-04-28 16:37:52.186198
4749000|3.0|1|2024-04-28 16:37:52.186198
4750000|4.0|1|2024-04-28 16:37:52.186198
4751000|4.3347|1|2024-04-28 16:37:52.186198
4742000|1.6285|0|2024-04-28 16:37:57.302313
4741000|3.3762|0|2024-04-28 16:37:57.302313
4740000|3.0112|0|2024-04-28 16:37:57.302313
4739000|22.1762|0|2024-04-28 16:37:57.302313
4738000|8.0271|0|2024-04-28 16:37:57.302313
4746000|0.0151|1|2024-04-28 16:37:57.304687
4747000|1.6157|1|2024-04-28 16:37:57.304687
4748000|18.0362|1|2024-04-28 16:37:57.304687
4749000|3.0|1|2024-04-28 16:37:57.304687
4750000|4.0|1|2024-04-28 16:37:57.304687
4742000|0.5097|0|2024-04-28 16:38:02.429862
4741000|3.225|0|2024-04-28 16:38:02.429862
4740000|3.0771|0|2024-04-28 16:38:02.429862
4739000|23.0462|0|2024-04-28 16:38:02.429862
4738000|8.3629|0|2024-04-28 16:38:02.429862
4746000|0.0151|1|2024-04-28 16:38:02.432009
4747000|1.6157|1|2024-04-28 16:38:02.432009
4748000|18.0362|1|2024-04-28 16:38:02.432009
4749000|3.0|1|2024-04-28 16:38:02.432009
4750000|4.3349|1|2024-04-28 16:38:02.432009
4742000|0.5097|0|2024-04-28 16:38:07.578071
4741000|3.225|0|2024-04-28 16:38:07.578071
4740000|0.0771|0|2024-04-28 16:38:07.578071
4739000|21.8409|0|2024-04-28 16:38:07.578071
4738000|8.3629|0|2024-04-28 16:38:07.578071
4746000|0.0151|1|2024-04-28 16:38:07.580150
4747000|1.6157|1|2024-04-28 16:38:07.580150
4748000|18.0362|1|2024-04-28 16:38:07.580150
4749000|4.0|1|2024-04-28 16:38:07.580150
4750000|4.3349|1|2024-04-28 16:38:07.580150
4742000|0.5097|0|2024-04-28 16:38:12.694312
4741000|2.1053|0|2024-04-28 16:38:12.694312
4740000|1.1969|0|2024-04-28 16:38:12.694312
4739000|4.4563|0|2024-04-28 16:38:12.694312
4738000|23.0271|0|2024-04-28 16:38:12.694312
4746000|0.0151|1|2024-04-28 16:38:12.696436
4747000|4.6157|1|2024-04-28 16:38:12.696436
4748000|18.0362|1|2024-04-28 16:38:12.696436
4749000|7.59|1|2024-04-28 16:38:12.696436
4750000|5.5403|1|2024-04-28 16:38:12.696436
4742000|0.507|0|2024-04-28 16:38:17.809626
4741000|3.591|0|2024-04-28 16:38:17.809626
4740000|0.0771|0|2024-04-28 16:38:17.809626
4739000|7.9606|0|2024-04-28 16:38:17.809626
4738000|19.2172|0|2024-04-28 16:38:17.809626
4745000|3.59|1|2024-04-28 16:38:17.811807
4746000|1.6997|1|2024-04-28 16:38:17.811807
4747000|6.59|1|2024-04-28 16:38:17.811807
4748000|19.0362|1|2024-04-28 16:38:17.811807
4749000|10.9107|1|2024-04-28 16:38:17.811807
4742000|0.0233|0|2024-04-28 16:38:22.927298
4741000|3.591|0|2024-04-28 16:38:22.927298
4740000|2.1814|0|2024-04-28 16:38:22.927298
4739000|7.9606|0|2024-04-28 16:38:22.927298
4738000|18.0115|0|2024-04-28 16:38:22.927298
4746000|1.6716|1|2024-04-28 16:38:22.929435
4747000|18.0|1|2024-04-28 16:38:22.929435
4748000|11.2162|1|2024-04-28 16:38:22.929435
4749000|4.3351|1|2024-04-28 16:38:22.929435
4750000|4.0|1|2024-04-28 16:38:22.929435
4742000|0.0233|0|2024-04-28 16:38:28.057622
4741000|3.591|0|2024-04-28 16:38:28.057622
4740000|3.3144|0|2024-04-28 16:38:28.057622
4739000|6.8409|0|2024-04-28 16:38:28.057622
4738000|19.0115|0|2024-04-28 16:38:28.057622
4745000|3.5163|1|2024-04-28 16:38:28.059780
4746000|1.6846|1|2024-04-28 16:38:28.059780
4747000|3.0|1|2024-04-28 16:38:28.059780
4748000|18.0362|1|2024-04-28 16:38:28.059780
4749000|4.0|1|2024-04-28 16:38:28.059780
4742000|0.0233|0|2024-04-28 16:38:33.172089
4741000|0.001|0|2024-04-28 16:38:33.172089
4740000|4.5187|0|2024-04-28 16:38:33.172089
4739000|7.1765|0|2024-04-28 16:38:33.172089
4738000|19.0115|0|2024-04-28 16:38:33.172089
4747000|8.2009|1|2024-04-28 16:38:33.174415
4748000|18.0362|1|2024-04-28 16:38:33.174415
4749000|4.0|1|2024-04-28 16:38:33.174415
4750000|7.59|1|2024-04-28 16:38:33.174415
4751000|5.979|1|2024-04-28 16:38:33.174415
4742000|0.0233|0|2024-04-28 16:38:38.393111
4741000|0.001|0|2024-04-28 16:38:38.393111
4740000|1.2091|0|2024-04-28 16:38:38.393111
4739000|6.8409|0|2024-04-28 16:38:38.393111
4738000|19.0115|0|2024-04-28 16:38:38.393111
4746000|5.2009|1|2024-04-28 16:38:38.395271
4747000|3.0|1|2024-04-28 16:38:38.395271
4748000|18.0362|1|2024-04-28 16:38:38.395271
4749000|4.0|1|2024-04-28 16:38:38.395271
4750000|7.9245|1|2024-04-28 16:38:38.395271
4742000|0.0233|0|2024-04-28 16:38:43.528068
4741000|0.001|0|2024-04-28 16:38:43.528068
4740000|3.3134|0|2024-04-28 16:38:43.528068
4739000|8.0463|0|2024-04-28 16:38:43.528068
4738000|19.3474|0|2024-04-28 16:38:43.528068
4746000|5.2009|1|2024-04-28 16:38:43.530168
4747000|3.0|1|2024-04-28 16:38:43.530168
4748000|18.0362|1|2024-04-28 16:38:43.530168
4749000|4.0|1|2024-04-28 16:38:43.530168
4750000|9.1299|1|2024-04-28 16:38:43.530168
4742000|0.0233|0|2024-04-28 16:38:48.648471
4741000|0.001|0|2024-04-28 16:38:48.648471
4740000|1.2091|0|2024-04-28 16:38:48.648471
4739000|8.0463|0|2024-04-28 16:38:48.648471
4738000|19.3474|0|2024-04-28 16:38:48.648471
4746000|5.2009|1|2024-04-28 16:38:48.650508
4747000|3.0|1|2024-04-28 16:38:48.650508
4748000|18.0362|1|2024-04-28 16:38:48.650508
4749000|4.0|1|2024-04-28 16:38:48.650508
4750000|9.1299|1|2024-04-28 16:38:48.650508
4742000|0.1978|0|2024-04-28 16:38:53.770821
4741000|0.001|0|2024-04-28 16:38:53.770821
4740000|1.2091|0|2024-04-28 16:38:53.770821
4739000|8.0463|0|2024-04-28 16:38:53.770821
4738000|19.3474|0|2024-04-28 16:38:53.770821
4746000|5.1267|1|2024-04-28 16:38:53.772876
4747000|6.59|1|2024-04-28 16:38:53.772876
4748000|18.0362|1|2024-04-28 16:38:53.772876
4749000|7.59|1|2024-04-28 16:38:53.772876
4750000|5.5399|1|2024-04-28 16:38:53.772876
4742000|0.1162|0|2024-04-28 16:38:58.885267
4741000|0.001|0|2024-04-28 16:38:58.885267
4740000|1.2091|0|2024-04-28 16:38:58.885267
4739000|8.0463|0|2024-04-28 16:38:58.885267
4738000|19.3474|0|2024-04-28 16:38:58.885267
4746000|8.7167|1|2024-04-28 16:38:58.887328
4747000|3.0|1|2024-04-28 16:38:58.887328
4748000|18.0362|1|2024-04-28 16:38:58.887328
4749000|7.59|1|2024-04-28 16:38:58.887328
4750000|5.5399|1|2024-04-28 16:38:58.887328
4742000|0.1162|0|2024-04-28 16:39:04.012225
4741000|0.001|0|2024-04-28 16:39:04.012225
4740000|0.1317|0|2024-04-28 16:39:04.012225
4739000|6.8409|0|2024-04-28 16:39:04.012225
4738000|22.6015|0|2024-04-28 16:39:04.012225
4744000|3.4038|1|2024-04-28 16:39:04.014256
4745000|5.1202|1|2024-04-28 16:39:04.014256
4746000|3.5966|1|2024-04-28 16:39:04.014256
4747000|3.0|1|2024-04-28 16:39:04.014256
4748000|23.5267|1|2024-04-28 16:39:04.014256
4742000|0.1162|0|2024-04-28 16:39:09.172648
4741000|0.001|0|2024-04-28 16:39:09.172648
4740000|4.8577|0|2024-04-28 16:39:09.172648
4739000|3.3168|0|2024-04-28 16:39:09.172648
4738000|22.9374|0|2024-04-28 16:39:09.172648
4744000|6.8394|1|2024-04-28 16:39:09.174622
4746000|3.5966|1|2024-04-28 16:39:09.174622
4747000|3.0|1|2024-04-28 16:39:09.174622
4748000|23.4062|1|2024-04-28 16:39:09.174622
4749000|4.0|1|2024-04-28 16:39:09.174622
4742000|0.1162|0|2024-04-28 16:39:14.287447
4741000|0.001|0|2024-04-28 16:39:14.287447
4740000|4.8577|0|2024-04-28 16:39:14.287447
4739000|3.3168|0|2024-04-28 16:39:14.287447
4738000|22.6015|0|2024-04-28 16:39:14.287447
4744000|6.8394|1|2024-04-28 16:39:14.289611
4746000|3.5966|1|2024-04-28 16:39:14.289611
4747000|3.0|1|2024-04-28 16:39:14.289611
4748000|23.7412|1|2024-04-28 16:39:14.289611
4749000|4.0|1|2024-04-28 16:39:14.289611
4742000|0.1162|0|2024-04-28 16:39:19.422302
4741000|3.7481|0|2024-04-28 16:39:19.422302
4740000|9.5609|0|2024-04-28 16:39:19.422302
4739000|6.9068|0|2024-04-28 16:39:19.422302
4738000|19.0115|0|2024-04-28 16:39:19.422302
4744000|3.3763|1|2024-04-28 16:39:19.424551
4746000|3.5966|1|2024-04-28 16:39:19.424551
4748000|18.0362|1|2024-04-28 16:39:19.424551
4749000|7.59|1|2024-04-28 16:39:19.424551
4750000|4.0211|1|2024-04-28 16:39:19.424551
4742000|1.8645|0|2024-04-28 16:39:24.546628
4741000|3.7481|0|2024-04-28 16:39:24.546628
4740000|4.1472|0|2024-04-28 16:39:24.546628
4739000|8.1122|0|2024-04-28 16:39:24.546628
4738000|19.0115|0|2024-04-28 16:39:24.546628
4745000|3.59|1|2024-04-28 16:39:24.548821
4746000|1.6933|1|2024-04-28 16:39:24.548821
4747000|3.59|1|2024-04-28 16:39:24.548821
4748000|18.0362|1|2024-04-28 16:39:24.548821
4749000|4.0|1|2024-04-28 16:39:24.548821
4742000|1.7483|0|2024-04-28 16:39:29.664616
4741000|3.591|0|2024-04-28 16:39:29.664616
4740000|4.1472|0|2024-04-28 16:39:29.664616
4739000|8.1122|0|2024-04-28 16:39:29.664616
4738000|19.0115|0|2024-04-28 16:39:29.664616
4745000|3.59|1|2024-04-28 16:39:29.666955
4746000|1.6933|1|2024-04-28 16:39:29.666955
4747000|3.59|1|2024-04-28 16:39:29.666955
4748000|18.0362|1|2024-04-28 16:39:29.666955
4749000|4.3347|1|2024-04-28 16:39:29.666955
4742000|1.7483|0|2024-04-28 16:39:34.781803
4741000|4.7292|0|2024-04-28 16:39:34.781803
4740000|3.0112|0|2024-04-28 16:39:34.781803
4739000|8.1122|0|2024-04-28 16:39:34.781803
4738000|19.0115|0|2024-04-28 16:39:34.781803
4745000|3.5949|1|2024-04-28 16:39:34.783840
4746000|1.6933|1|2024-04-28 16:39:34.783840
4747000|3.59|1|2024-04-28 16:39:34.783840
4748000|18.3711|1|2024-04-28 16:39:34.783840
4749000|4.0|1|2024-04-28 16:39:34.783840
4742000|1.7413|0|2024-04-28 16:39:39.905225
4741000|0.001|0|2024-04-28 16:39:39.905225
4740000|0.0112|0|2024-04-28 16:39:39.905225
4739000|8.1122|0|2024-04-28 16:39:39.905225
4738000|19.0115|0|2024-04-28 16:39:39.905225
4745000|3.5949|1|2024-04-28 16:39:39.907551
4746000|1.6933|1|2024-04-28 16:39:39.907551
4747000|3.59|1|2024-04-28 16:39:39.907551
4748000|18.3708|1|2024-04-28 16:39:39.907551
4749000|9.37|1|2024-04-28 16:39:39.907551
4742000|1.7413|0|2024-04-28 16:39:45.025312
4741000|0.001|0|2024-04-28 16:39:45.025312
4740000|0.0112|0|2024-04-28 16:39:45.025312
4739000|0.3168|0|2024-04-28 16:39:45.025312
4738000|6.6015|0|2024-04-28 16:39:45.025312
4743000|3.59|1|2024-04-28 16:39:45.027428
4745000|5.5031|1|2024-04-28 16:39:45.027428
4746000|15.0066|1|2024-04-28 16:39:45.027428
4747000|3.3352|1|2024-04-28 16:39:45.027428
4748000|9.37|1|2024-04-28 16:39:45.027428
4741000|0.001|0|2024-04-28 16:39:50.141656
4740000|0.0112|0|2024-04-28 16:39:50.141656
4739000|3.5593|0|2024-04-28 16:39:50.141656
4738000|6.6015|0|2024-04-28 16:39:50.141656
4737000|20.9669|0|2024-04-28 16:39:50.141656
4745000|7.7617|1|2024-04-28 16:39:50.143853
4746000|18.342|1|2024-04-28 16:39:50.143853
4747000|3.0362|1|2024-04-28 16:39:50.143853
4748000|10.5758|1|2024-04-28 16:39:50.143853
4749000|9.7977|1|2024-04-28 16:39:50.143853
4741000|0.0223|0|2024-04-28 16:39:55.290632
4740000|0.0112|0|2024-04-28 16:39:55.290632
4739000|7.1493|0|2024-04-28 16:39:55.290632
4738000|3.0115|0|2024-04-28 16:39:55.290632
4737000|19.9669|0|2024-04-28 16:39:55.290632
4745000|7.7617|1|2024-04-28 16:39:55.292844
4746000|18.3419|1|2024-04-28 16:39:55.292844
4747000|4.0362|1|2024-04-28 16:39:55.292844
4748000|10.5758|1|2024-04-28 16:39:55.292844
4749000|9.7977|1|2024-04-28 16:39:55.292844
4741000|0.0223|0|2024-04-28 16:40:00.413934
4740000|0.0112|0|2024-04-28 16:40:00.413934
4739000|6.0111|0|2024-04-28 16:40:00.413934
4738000|1.15|0|2024-04-28 16:40:00.413934
4737000|18.761|0|2024-04-28 16:40:00.413934
4745000|7.7617|1|2024-04-28 16:40:00.416160
4746000|18.3419|1|2024-04-28 16:40:00.416160
4747000|5.2422|1|2024-04-28 16:40:00.416160
4748000|9.37|1|2024-04-28 16:40:00.416160
4749000|9.7977|1|2024-04-28 16:40:00.416160
4741000|0.0223|0|2024-04-28 16:40:05.542163
4740000|0.0112|0|2024-04-28 16:40:05.542163
4739000|2.3552|0|2024-04-28 16:40:05.542163
4738000|1.15|0|2024-04-28 16:40:05.542163
4737000|6.9005|0|2024-04-28 16:40:05.542163
4742000|5.8486|1|2024-04-28 16:40:05.544409
4743000|1.6867|1|2024-04-28 16:40:05.544409
4744000|3.59|1|2024-04-28 16:40:05.544409
4745000|3.5978|1|2024-04-28 16:40:05.544409
4746000|24.3766|1|2024-04-28 16:40:05.544409
4741000|0.0211|0|2024-04-28 16:40:10.657282
4740000|0.0112|0|2024-04-28 16:40:10.657282
4739000|2.3552|0|2024-04-28 16:40:10.657282
4738000|19.8059|0|2024-04-28 16:40:10.657282
4737000|4.5164|0|2024-04-28 16:40:10.657282
4742000|0.9744|1|2024-04-28 16:40:10.659326
4744000|5.2811|1|2024-04-28 16:40:10.659326
4745000|3.2626|1|2024-04-28 16:40:10.659326
4746000|23.3766|1|2024-04-28 16:40:10.659326
4747000|4.3351|1|2024-04-28 16:40:10.659326
4741000|0.0211|0|2024-04-28 16:40:15.778221
4740000|0.0112|0|2024-04-28 16:40:15.778221
4739000|5.9452|0|2024-04-28 16:40:15.778221
4738000|1.15|0|2024-04-28 16:40:15.778221
4737000|21.9005|0|2024-04-28 16:40:15.778221
4742000|0.9767|1|2024-04-28 16:40:15.780506
4743000|3.59|1|2024-04-28 16:40:15.780506
4744000|1.6911|1|2024-04-28 16:40:15.780506
4745000|3.598|1|2024-04-28 16:40:15.780506
4746000|26.9666|1|2024-04-28 16:40:15.780506
4740000|0.0112|0|2024-04-28 16:40:20.893876
4739000|5.9452|0|2024-04-28 16:40:20.893876
4738000|1.15|0|2024-04-28 16:40:20.893876
4737000|21.9664|0|2024-04-28 16:40:20.893876
4736000|6.2082|0|2024-04-28 16:40:20.893876
4741000|0.9744|1|2024-04-28 16:40:20.895929
4742000|0.0023|1|2024-04-28 16:40:20.895929
4743000|3.59|1|2024-04-28 16:40:20.895929
4744000|1.6911|1|2024-04-28 16:40:20.895929
4745000|3.598|1|2024-04-28 16:40:20.895929
4740000|0.0112|0|2024-04-28 16:40:26.015503
4739000|5.9452|0|2024-04-28 16:40:26.015503
4738000|1.15|0|2024-04-28 16:40:26.015503
4737000|23.1724|0|2024-04-28 16:40:26.015503
4736000|5.0|0|2024-04-28 16:40:26.015503
4741000|0.9732|1|2024-04-28 16:40:26.017604
4742000|0.0023|1|2024-04-28 16:40:26.017604
4743000|3.59|1|2024-04-28 16:40:26.017604
4744000|1.6911|1|2024-04-28 16:40:26.017604
4745000|3.2626|1|2024-04-28 16:40:26.017604
4739000|5.9346|0|2024-04-28 16:40:31.149975
4738000|1.15|0|2024-04-28 16:40:31.149975
4737000|21.9664|0|2024-04-28 16:40:31.149975
4736000|6.2081|0|2024-04-28 16:40:31.149975
4735000|9.3832|0|2024-04-28 16:40:31.149975
4742000|0.0023|1|2024-04-28 16:40:31.152285
4743000|3.59|1|2024-04-28 16:40:31.152285
4745000|4.955|1|2024-04-28 16:40:31.152285
4746000|21.9317|1|2024-04-28 16:40:31.152285
4747000|5.2061|1|2024-04-28 16:40:31.152285
4739000|5.9346|0|2024-04-28 16:40:36.270806
4738000|1.15|0|2024-04-28 16:40:36.270806
4737000|6.9664|0|2024-04-28 16:40:36.270806
4736000|20.0|0|2024-04-28 16:40:36.270806
4735000|9.3812|0|2024-04-28 16:40:36.270806
4742000|0.0023|1|2024-04-28 16:40:36.272854
4745000|5.29|1|2024-04-28 16:40:36.272854
4746000|21.5966|1|2024-04-28 16:40:36.272854
4747000|4.0|1|2024-04-28 16:40:36.272854
4748000|11.0176|1|2024-04-28 16:40:36.272854
4739000|18.4887|0|2024-04-28 16:40:41.388107
4738000|4.2173|0|2024-04-28 16:40:41.388107
4737000|7.9664|0|2024-04-28 16:40:41.388107
4736000|8.59|0|2024-04-28 16:40:41.388107
4735000|4.3488|0|2024-04-28 16:40:41.388107
4742000|0.0012|1|2024-04-28 16:40:41.390293
4745000|1.955|1|2024-04-28 16:40:41.390293
4746000|15.0066|1|2024-04-28 16:40:41.390293
4747000|3.3351|1|2024-04-28 16:40:41.390293
4748000|4.4416|1|2024-04-28 16:40:41.390293
4739000|6.4887|0|2024-04-28 16:40:46.519390
4738000|19.2172|0|2024-04-28 16:40:46.519390
4737000|8.4129|0|2024-04-28 16:40:46.519390
4736000|8.592|0|2024-04-28 16:40:46.519390
4735000|4.3488|0|2024-04-28 16:40:46.519390
4742000|0.0012|1|2024-04-28 16:40:46.521588
4745000|0.2264|1|2024-04-28 16:40:46.521588
4746000|1.699|1|2024-04-28 16:40:46.521588
4747000|18.335|1|2024-04-28 16:40:46.521588
4748000|4.4416|1|2024-04-28 16:40:46.521588
4739000|6.4887|0|2024-04-28 16:40:51.658243
4738000|19.2172|0|2024-04-28 16:40:51.658243
4737000|8.4129|0|2024-04-28 16:40:51.658243
4736000|8.592|0|2024-04-28 16:40:51.658243
4735000|4.3488|0|2024-04-28 16:40:51.658243
4742000|0.0012|1|2024-04-28 16:40:51.660372
4745000|0.2264|1|2024-04-28 16:40:51.660372
4746000|1.699|1|2024-04-28 16:40:51.660372
4747000|18.335|1|2024-04-28 16:40:51.660372
4748000|4.4416|1|2024-04-28 16:40:51.660372
4739000|6.4887|0|2024-04-28 16:40:56.770867
4738000|19.2172|0|2024-04-28 16:40:56.770867
4737000|8.4129|0|2024-04-28 16:40:56.770867
4736000|8.592|0|2024-04-28 16:40:56.770867
4735000|4.3488|0|2024-04-28 16:40:56.770867
4742000|0.0012|1|2024-04-28 16:40:56.772952
4745000|0.2264|1|2024-04-28 16:40:56.772952
4746000|1.699|1|2024-04-28 16:40:56.772952
4747000|18.335|1|2024-04-28 16:40:56.772952
4748000|4.4416|1|2024-04-28 16:40:56.772952
4739000|6.4867|0|2024-04-28 16:41:02.042720
4738000|4.2172|0|2024-04-28 16:41:02.042720
4737000|23.4129|0|2024-04-28 16:41:02.042720
4736000|8.59|0|2024-04-28 16:41:02.042720
4735000|4.3468|0|2024-04-28 16:41:02.042720
4742000|0.0012|1|2024-04-28 16:41:02.044916
4745000|0.2264|1|2024-04-28 16:41:02.044916
4746000|1.699|1|2024-04-28 16:41:02.044916
4747000|18.335|1|2024-04-28 16:41:02.044916
4748000|4.4416|1|2024-04-28 16:41:02.044916
4740000|1.1429|0|2024-04-28 16:41:07.157734
4739000|8.101|0|2024-04-28 16:41:07.157734
4738000|4.2172|0|2024-04-28 16:41:07.157734
4737000|23.347|0|2024-04-28 16:41:07.157734
4736000|10.37|0|2024-04-28 16:41:07.157734
4746000|16.699|1|2024-04-28 16:41:07.159793
4747000|3.0|1|2024-04-28 16:41:07.159793
4748000|4.3348|1|2024-04-28 16:41:07.159793
4749000|8.7956|1|2024-04-28 16:41:07.159793
4750000|4.4558|1|2024-04-28 16:41:07.159793
4740000|1.1429|0|2024-04-28 16:41:12.269219
4739000|8.101|0|2024-04-28 16:41:12.269219
4738000|4.2172|0|2024-04-28 16:41:12.269219
4737000|23.347|0|2024-04-28 16:41:12.269219
4736000|10.372|0|2024-04-28 16:41:12.269219
4745000|1.686|1|2024-04-28 16:41:12.271278
4746000|15.0066|1|2024-04-28 16:41:12.271278
4747000|3.3349|1|2024-04-28 16:41:12.271278
4748000|4.0|1|2024-04-28 16:41:12.271278
4749000|8.7956|1|2024-04-28 16:41:12.271278
4740000|1.1429|0|2024-04-28 16:41:17.398010
4739000|8.101|0|2024-04-28 16:41:17.398010
4738000|4.2172|0|2024-04-28 16:41:17.398010
4737000|23.347|0|2024-04-28 16:41:17.398010
4736000|10.372|0|2024-04-28 16:41:17.398010
4745000|1.686|1|2024-04-28 16:41:17.400085
4746000|15.0066|1|2024-04-28 16:41:17.400085
4747000|3.3349|1|2024-04-28 16:41:17.400085
4748000|4.0|1|2024-04-28 16:41:17.400085
4749000|8.7956|1|2024-04-28 16:41:17.400085
4740000|1.1429|0|2024-04-28 16:41:22.527413
4739000|9.3065|0|2024-04-28 16:41:22.527413
4738000|4.0115|0|2024-04-28 16:41:22.527413
4737000|23.347|0|2024-04-28 16:41:22.527413
4736000|10.7074|0|2024-04-28 16:41:22.527413
4745000|1.686|1|2024-04-28 16:41:22.529460
4746000|0.0066|1|2024-04-28 16:41:22.529460
4747000|15.0|1|2024-04-28 16:41:22.529460
4748000|3.3351|1|2024-04-28 16:41:22.529460
4749000|4.0|1|2024-04-28 16:41:22.529460
4740000|5.348|0|2024-04-28 16:41:27.644287
4739000|23.7236|0|2024-04-28 16:41:27.644287
4738000|4.0115|0|2024-04-28 16:41:27.644287
4737000|8.347|0|2024-04-28 16:41:27.644287
4736000|10.7058|0|2024-04-28 16:41:27.644287
4746000|1.6926|1|2024-04-28 16:41:27.646299
4747000|15.0|1|2024-04-28 16:41:27.646299
4748000|3.3352|1|2024-04-28 16:41:27.646299
4749000|3.0|1|2024-04-28 16:41:27.646299
4750000|4.467|1|2024-04-28 16:41:27.646299
4741000|7.5912|0|2024-04-28 16:41:32.771398
4740000|6.59|0|2024-04-28 16:41:32.771398
4739000|20.1336|0|2024-04-28 16:41:32.771398
4738000|4.0115|0|2024-04-28 16:41:32.771398
4737000|4.757|0|2024-04-28 16:41:32.771398
4746000|1.6926|1|2024-04-28 16:41:32.773582
4747000|15.0|1|2024-04-28 16:41:32.773582
4748000|3.3352|1|2024-04-28 16:41:32.773582
4749000|3.0|1|2024-04-28 16:41:32.773582
4750000|8.057|1|2024-04-28 16:41:32.773582
4743000|7.5912|0|2024-04-28 16:41:37.883822
4741000|3.5869|0|2024-04-28 16:41:37.883822
4740000|3.0|0|2024-04-28 16:41:37.883822
4739000|25.5036|0|2024-04-28 16:41:37.883822
4738000|9.3815|0|2024-04-28 16:41:37.883822
4746000|1.6904|1|2024-04-28 16:41:37.886032
4747000|15.0|1|2024-04-28 16:41:37.886032
4748000|6.9252|1|2024-04-28 16:41:37.886032
4749000|3.0|1|2024-04-28 16:41:37.886032
4750000|7.6223|1|2024-04-28 16:41:37.886032
4743000|7.5912|0|2024-04-28 16:41:43.021058
4741000|3.5869|0|2024-04-28 16:41:43.021058
4740000|3.0|0|2024-04-28 16:41:43.021058
4739000|25.5036|0|2024-04-28 16:41:43.021058
4738000|9.3815|0|2024-04-28 16:41:43.021058
4746000|1.6894|1|2024-04-28 16:41:43.023098
4747000|15.0|1|2024-04-28 16:41:43.023098
4748000|3.3348|1|2024-04-28 16:41:43.023098
4749000|3.0|1|2024-04-28 16:41:43.023098
4750000|11.2123|1|2024-04-28 16:41:43.023098
4743000|7.5851|0|2024-04-28 16:41:48.137047
4741000|3.5869|0|2024-04-28 16:41:48.137047
4740000|3.0|0|2024-04-28 16:41:48.137047
4739000|26.7089|0|2024-04-28 16:41:48.137047
4738000|9.3815|0|2024-04-28 16:41:48.137047
4746000|1.6894|1|2024-04-28 16:41:48.139122
4747000|15.0|1|2024-04-28 16:41:48.139122
4748000|6.9248|1|2024-04-28 16:41:48.139122
4749000|3.0|1|2024-04-28 16:41:48.139122
4750000|8.8276|1|2024-04-28 16:41:48.139122
4743000|7.5851|0|2024-04-28 16:41:53.249334
4741000|3.5869|0|2024-04-28 16:41:53.249334
4740000|3.0|0|2024-04-28 16:41:53.249334
4739000|26.7089|0|2024-04-28 16:41:53.249334
4738000|9.3815|0|2024-04-28 16:41:53.249334
4746000|1.6894|1|2024-04-28 16:41:53.251560
4747000|15.0|1|2024-04-28 16:41:53.251560
4748000|6.9248|1|2024-04-28 16:41:53.251560
4749000|3.0|1|2024-04-28 16:41:53.251560
4750000|8.8276|1|2024-04-28 16:41:53.251560
4743000|7.5851|0|2024-04-28 16:41:58.368007
4741000|3.5869|0|2024-04-28 16:41:58.368007
4740000|3.0|0|2024-04-28 16:41:58.368007
4739000|26.7089|0|2024-04-28 16:41:58.368007
4738000|9.3815|0|2024-04-28 16:41:58.368007
4746000|1.6894|1|2024-04-28 16:41:58.370219
4747000|15.0|1|2024-04-28 16:41:58.370219
4748000|6.9248|1|2024-04-28 16:41:58.370219
4749000|3.0|1|2024-04-28 16:41:58.370219
4750000|8.8276|1|2024-04-28 16:41:58.370219
4743000|7.5851|0|2024-04-28 16:42:03.484690
4741000|3.5869|0|2024-04-28 16:42:03.484690
4740000|3.0|0|2024-04-28 16:42:03.484690
4739000|26.7089|0|2024-04-28 16:42:03.484690
4738000|9.3815|0|2024-04-28 16:42:03.484690
4746000|1.3516|1|2024-04-28 16:42:03.486762
4747000|15.0|1|2024-04-28 16:42:03.486762
4748000|6.9248|1|2024-04-28 16:42:03.486762
4749000|3.0|1|2024-04-28 16:42:03.486762
4750000|8.8276|1|2024-04-28 16:42:03.486762
4741000|1.1965|0|2024-04-28 16:42:08.630731
4740000|6.3087|0|2024-04-28 16:42:08.630731
4739000|19.0|0|2024-04-28 16:42:08.630731
4738000|4.0115|0|2024-04-28 16:42:08.630731
4737000|5.5392|0|2024-04-28 16:42:08.630731
4747000|1.6809|1|2024-04-28 16:42:08.632943
4748000|18.0|1|2024-04-28 16:42:08.632943
4749000|3.0|1|2024-04-28 16:42:08.632943
4750000|4.3668|1|2024-04-28 16:42:08.632943
4751000|5.2053|1|2024-04-28 16:42:08.632943
4741000|1.1965|0|2024-04-28 16:42:13.747200
4740000|6.3087|0|2024-04-28 16:42:13.747200
4739000|22.59|0|2024-04-28 16:42:13.747200
4738000|7.6015|0|2024-04-28 16:42:13.747200
4737000|5.5392|0|2024-04-28 16:42:13.747200
4747000|1.6809|1|2024-04-28 16:42:13.749356
4748000|18.0|1|2024-04-28 16:42:13.749356
4749000|3.3348|1|2024-04-28 16:42:13.749356
4750000|4.0323|1|2024-04-28 16:42:13.749356
4751000|8.7953|1|2024-04-28 16:42:13.749356
4741000|1.1965|0|2024-04-28 16:42:18.861874
4740000|5.1034|0|2024-04-28 16:42:18.861874
4739000|22.59|0|2024-04-28 16:42:18.861874
4738000|4.0115|0|2024-04-28 16:42:18.861874
4737000|5.5392|0|2024-04-28 16:42:18.861874
4747000|1.6809|1|2024-04-28 16:42:18.864022
4748000|18.0|1|2024-04-28 16:42:18.864022
4749000|6.9248|1|2024-04-28 16:42:18.864022
4750000|4.0323|1|2024-04-28 16:42:18.864022
4751000|4.0|1|2024-04-28 16:42:18.864022
4741000|1.1965|0|2024-04-28 16:42:23.989020
4740000|6.3085|0|2024-04-28 16:42:23.989020
4739000|26.18|0|2024-04-28 16:42:23.989020
4738000|4.0115|0|2024-04-28 16:42:23.989020
4737000|5.5392|0|2024-04-28 16:42:23.989020
4746000|0.0081|1|2024-04-28 16:42:23.991099
4747000|1.6809|1|2024-04-28 16:42:23.991099
4748000|21.59|1|2024-04-28 16:42:23.991099
4749000|6.9248|1|2024-04-28 16:42:23.991099
4750000|4.0323|1|2024-04-28 16:42:23.991099
4741000|1.0946|0|2024-04-28 16:42:29.145609
4740000|10.4118|0|2024-04-28 16:42:29.145609
4739000|22.59|0|2024-04-28 16:42:29.145609
4738000|4.3473|0|2024-04-28 16:42:29.145609
4737000|8.7935|0|2024-04-28 16:42:29.145609
4746000|1.684|1|2024-04-28 16:42:29.147701
4747000|3.59|1|2024-04-28 16:42:29.147701
4748000|18.0|1|2024-04-28 16:42:29.147701
4749000|6.59|1|2024-04-28 16:42:29.147701
4750000|4.8053|1|2024-04-28 16:42:29.147701
4746000|4.2016|0|2024-04-28 16:42:34.273261
4741000|1.094|0|2024-04-28 16:42:34.273261
4740000|7.8972|0|2024-04-28 16:42:34.273261
4739000|19.4496|0|2024-04-28 16:42:34.273261
4738000|4.0115|0|2024-04-28 16:42:34.273261
4747000|5.2659|1|2024-04-28 16:42:34.275400
4748000|18.0|1|2024-04-28 16:42:34.275400
4749000|6.9248|1|2024-04-28 16:42:34.275400
4750000|4.0323|1|2024-04-28 16:42:34.275400
4751000|5.2051|1|2024-04-28 16:42:34.275400
4746000|4.2016|0|2024-04-28 16:42:39.387146
4741000|1.094|0|2024-04-28 16:42:39.387146
4740000|7.8972|0|2024-04-28 16:42:39.387146
4739000|19.4496|0|2024-04-28 16:42:39.387146
4738000|4.0115|0|2024-04-28 16:42:39.387146
4747000|5.2659|1|2024-04-28 16:42:39.389227
4748000|18.0|1|2024-04-28 16:42:39.389227
4749000|6.59|1|2024-04-28 16:42:39.389227
4750000|4.3673|1|2024-04-28 16:42:39.389227
4751000|5.2051|1|2024-04-28 16:42:39.389227
4746000|4.2026|0|2024-04-28 16:42:44.513366
4741000|1.094|0|2024-04-28 16:42:44.513366
4740000|7.7951|0|2024-04-28 16:42:44.513366
4739000|19.4496|0|2024-04-28 16:42:44.513366
4738000|4.0115|0|2024-04-28 16:42:44.513366
4747000|5.2659|1|2024-04-28 16:42:44.515576
4748000|18.0|1|2024-04-28 16:42:44.515576
4749000|6.59|1|2024-04-28 16:42:44.515576
4750000|4.3673|1|2024-04-28 16:42:44.515576
4751000|5.2051|1|2024-04-28 16:42:44.515576
4746000|4.2026|0|2024-04-28 16:42:49.632968
4741000|4.684|0|2024-04-28 16:42:49.632968
4740000|4.2051|0|2024-04-28 16:42:49.632968
4739000|23.0396|0|2024-04-28 16:42:49.632968
4738000|4.0115|0|2024-04-28 16:42:49.632968
4747000|7.18|1|2024-04-28 16:42:49.635330
4748000|4.6759|1|2024-04-28 16:42:49.635330
4749000|18.0|1|2024-04-28 16:42:49.635330
4750000|9.7373|1|2024-04-28 16:42:49.635330
4751000|5.2051|1|2024-04-28 16:42:49.635330
4746000|4.2026|0|2024-04-28 16:42:54.749259
4741000|1.094|0|2024-04-28 16:42:54.749259
4740000|6.59|0|2024-04-28 16:42:54.749259
4739000|20.655|0|2024-04-28 16:42:54.749259
4738000|7.6015|0|2024-04-28 16:42:54.749259
4747000|7.18|1|2024-04-28 16:42:54.751664
4748000|3.335|1|2024-04-28 16:42:54.751664
4749000|18.0|1|2024-04-28 16:42:54.751664
4750000|10.6077|1|2024-04-28 16:42:54.751664
4751000|4.0|1|2024-04-28 16:42:54.751664
4746000|4.2026|0|2024-04-28 16:42:59.878754
4741000|1.094|0|2024-04-28 16:42:59.878754
4740000|6.59|0|2024-04-28 16:42:59.878754
4739000|20.655|0|2024-04-28 16:42:59.878754
4738000|7.6015|0|2024-04-28 16:42:59.878754
4747000|7.18|1|2024-04-28 16:42:59.880887
4748000|3.335|1|2024-04-28 16:42:59.880887
4749000|18.0|1|2024-04-28 16:42:59.880887
4750000|10.6077|1|2024-04-28 16:42:59.880887
4751000|4.0|1|2024-04-28 16:42:59.880887
4746000|4.2026|0|2024-04-28 16:43:04.997731
4741000|1.094|0|2024-04-28 16:43:04.997731
4740000|6.59|0|2024-04-28 16:43:04.997731
4739000|19.655|0|2024-04-28 16:43:04.997731
4738000|7.6015|0|2024-04-28 16:43:04.997731
4747000|8.1036|1|2024-04-28 16:43:04.999991
4748000|3.0|1|2024-04-28 16:43:04.999991
4749000|19.3351|1|2024-04-28 16:43:04.999991
4750000|10.6077|1|2024-04-28 16:43:04.999991
4751000|4.0|1|2024-04-28 16:43:04.999991
4746000|4.2026|0|2024-04-28 16:43:10.124705
4741000|1.094|0|2024-04-28 16:43:10.124705
4740000|6.59|0|2024-04-28 16:43:10.124705
4739000|19.655|0|2024-04-28 16:43:10.124705
4738000|7.6015|0|2024-04-28 16:43:10.124705
4747000|3.0833|1|2024-04-28 16:43:10.126873
4748000|4.6918|1|2024-04-28 16:43:10.126873
4749000|19.3351|1|2024-04-28 16:43:10.126873
4750000|10.6077|1|2024-04-28 16:43:10.126873
4751000|4.0|1|2024-04-28 16:43:10.126873
4746000|4.2026|0|2024-04-28 16:43:15.239732
4741000|1.094|0|2024-04-28 16:43:15.239732
4740000|6.59|0|2024-04-28 16:43:15.239732
4739000|18.4496|0|2024-04-28 16:43:15.239732
4738000|7.6015|0|2024-04-28 16:43:15.239732
4747000|3.0763|1|2024-04-28 16:43:15.241756
4748000|4.6918|1|2024-04-28 16:43:15.241756
4749000|19.3351|1|2024-04-28 16:43:15.241756
4750000|9.4023|1|2024-04-28 16:43:15.241756
4751000|4.0|1|2024-04-28 16:43:15.241756
4739000|20.2055|0|2024-04-28 16:43:20.370346
4738000|5.2172|0|2024-04-28 16:43:20.370346
4737000|4.757|0|2024-04-28 16:43:20.370346
4736000|12.9577|0|2024-04-28 16:43:20.370346
4735000|6.3812|0|2024-04-28 16:43:20.370346
4745000|4.0|1|2024-04-28 16:43:20.372538
4746000|1.7973|1|2024-04-28 16:43:20.372538
4747000|7.18|1|2024-04-28 16:43:20.372538
4748000|3.3351|1|2024-04-28 16:43:20.372538
4749000|20.2056|1|2024-04-28 16:43:20.372538
4739000|23.7955|0|2024-04-28 16:43:25.484566
4738000|3.0115|0|2024-04-28 16:43:25.484566
4737000|5.9649|0|2024-04-28 16:43:25.484566
4736000|9.034|0|2024-04-28 16:43:25.484566
4735000|6.3832|0|2024-04-28 16:43:25.484566
4744000|1.7087|1|2024-04-28 16:43:25.486662
4745000|4.0|1|2024-04-28 16:43:25.486662
4746000|16.8002|1|2024-04-28 16:43:25.486662
4748000|4.5409|1|2024-04-28 16:43:25.486662
4749000|4.4291|1|2024-04-28 16:43:25.486662
4739000|2.1034|0|2024-04-28 16:43:30.606936
4738000|18.1136|0|2024-04-28 16:43:30.606936
4737000|6.9005|0|2024-04-28 16:43:30.606936
4736000|9.7961|0|2024-04-28 16:43:30.606936
4735000|10.1577|0|2024-04-28 16:43:30.606936
4744000|4.0|1|2024-04-28 16:43:30.609029
4745000|1.7087|1|2024-04-28 16:43:30.609029
4746000|20.3902|1|2024-04-28 16:43:30.609029
4747000|2.541|1|2024-04-28 16:43:30.609029
4748000|4.0|1|2024-04-28 16:43:30.609029
4739000|2.1034|0|2024-04-28 16:43:35.739118
4738000|21.7036|0|2024-04-28 16:43:35.739118
4737000|3.3125|0|2024-04-28 16:43:35.739118
4736000|9.7981|0|2024-04-28 16:43:35.739118
4735000|10.1597|0|2024-04-28 16:43:35.739118
4743000|7.59|1|2024-04-28 16:43:35.741106
4745000|1.7087|1|2024-04-28 16:43:35.741106
4746000|20.3902|1|2024-04-28 16:43:35.741106
4747000|7.911|1|2024-04-28 16:43:35.741106
4748000|4.0|1|2024-04-28 16:43:35.741106
4739000|2.1034|0|2024-04-28 16:43:40.861006
4738000|21.7036|0|2024-04-28 16:43:40.861006
4737000|3.3125|0|2024-04-28 16:43:40.861006
4736000|10.134|0|2024-04-28 16:43:40.861006
4735000|9.8241|0|2024-04-28 16:43:40.861006
4743000|7.59|1|2024-04-28 16:43:40.863062
4746000|20.3902|1|2024-04-28 16:43:40.863062
4747000|7.5761|1|2024-04-28 16:43:40.863062
4748000|4.3352|1|2024-04-28 16:43:40.863062
4749000|9.7991|1|2024-04-28 16:43:40.863062
4739000|5.6934|0|2024-04-28 16:43:45.981118
4738000|4.2345|0|2024-04-28 16:43:45.981118
4737000|19.5186|0|2024-04-28 16:43:45.981118
4736000|8.9279|0|2024-04-28 16:43:45.981118
4735000|9.8241|0|2024-04-28 16:43:45.981118
4743000|7.59|1|2024-04-28 16:43:45.983225
4746000|20.3902|1|2024-04-28 16:43:45.983225
4747000|6.37|1|2024-04-28 16:43:45.983225
4748000|5.5412|1|2024-04-28 16:43:45.983225
4749000|9.7991|1|2024-04-28 16:43:45.983225
4739000|2.1034|0|2024-04-28 16:43:51.109514
4738000|4.2345|0|2024-04-28 16:43:51.109514
4737000|18.3105|0|2024-04-28 16:43:51.109514
4736000|13.3882|0|2024-04-28 16:43:51.109514
4735000|10.1598|0|2024-04-28 16:43:51.109514
4743000|6.8379|1|2024-04-28 16:43:51.111559
4746000|20.3902|1|2024-04-28 16:43:51.111559
4747000|7.5761|1|2024-04-28 16:43:51.111559
4748000|4.3352|1|2024-04-28 16:43:51.111559
4749000|9.7991|1|2024-04-28 16:43:51.111559
4740000|1.0|0|2024-04-28 16:43:56.223436
4739000|2.1034|0|2024-04-28 16:43:56.223436
4738000|0.0115|0|2024-04-28 16:43:56.223436
4737000|8.0205|0|2024-04-28 16:43:56.223436
4736000|23.59|0|2024-04-28 16:43:56.223436
4742000|7.59|1|2024-04-28 16:43:56.225564
4744000|3.59|1|2024-04-28 16:43:56.225564
4745000|18.0|1|2024-04-28 16:43:56.225564
4746000|3.0066|1|2024-04-28 16:43:56.225564
4747000|6.7049|1|2024-04-28 16:43:56.225564
4740000|1.0|0|2024-04-28 16:44:01.337867
4739000|2.1034|0|2024-04-28 16:44:01.337867
4738000|7.7215|0|2024-04-28 16:44:01.337867
4737000|3.4126|0|2024-04-28 16:44:01.337867
4736000|25.7078|0|2024-04-28 16:44:01.337867
4742000|4.0|1|2024-04-28 16:44:01.339973
4745000|5.3147|1|2024-04-28 16:44:01.339973
4746000|16.8002|1|2024-04-28 16:44:01.339973
4747000|4.59|1|2024-04-28 16:44:01.339973
4748000|4.7691|1|2024-04-28 16:44:01.339973
4740000|1.0|0|2024-04-28 16:44:06.466655
4739000|2.1034|0|2024-04-28 16:44:06.466655
4738000|0.0115|0|2024-04-28 16:44:06.466655
4737000|3.4126|0|2024-04-28 16:44:06.466655
4736000|19.0|0|2024-04-28 16:44:06.466655
4742000|4.0|1|2024-04-28 16:44:06.468854
4744000|1.7247|1|2024-04-28 16:44:06.468854
4745000|18.3349|1|2024-04-28 16:44:06.468854
4746000|4.0066|1|2024-04-28 16:44:06.468854
4747000|1.0|1|2024-04-28 16:44:06.468854
4740000|1.0|0|2024-04-28 16:44:11.614636
4739000|2.1034|0|2024-04-28 16:44:11.614636
4738000|3.6015|0|2024-04-28 16:44:11.614636
4737000|8.137|0|2024-04-28 16:44:11.614636
4736000|20.2084|0|2024-04-28 16:44:11.614636
4742000|3.8635|1|2024-04-28 16:44:11.616813
4744000|1.7247|1|2024-04-28 16:44:11.616813
4745000|18.0|1|2024-04-28 16:44:11.616813
4746000|6.3902|1|2024-04-28 16:44:11.616813
4747000|2.5412|1|2024-04-28 16:44:11.616813
4740000|1.0|0|2024-04-28 16:44:16.733344
4739000|2.1034|0|2024-04-28 16:44:16.733344
4738000|4.7359|0|2024-04-28 16:44:16.733344
4737000|8.2087|0|2024-04-28 16:44:16.733344
4736000|20.3356|0|2024-04-28 16:44:16.733344
4742000|3.8635|1|2024-04-28 16:44:16.735730
4744000|1.7247|1|2024-04-28 16:44:16.735730
4745000|18.0|1|2024-04-28 16:44:16.735730
4746000|5.3902|1|2024-04-28 16:44:16.735730
4747000|1.0|1|2024-04-28 16:44:16.735730
4740000|1.0|0|2024-04-28 16:44:21.880015
4739000|2.1034|0|2024-04-28 16:44:21.880015
4738000|1.1459|0|2024-04-28 16:44:21.880015
4737000|10.5926|0|2024-04-28 16:44:21.880015
4736000|21.2083|0|2024-04-28 16:44:21.880015
4742000|3.8635|1|2024-04-28 16:44:21.882191
4743000|1.7247|1|2024-04-28 16:44:21.882191
4744000|3.59|1|2024-04-28 16:44:21.882191
4745000|18.0|1|2024-04-28 16:44:21.882191
4746000|5.3902|1|2024-04-28 16:44:21.882191
4740000|1.0|0|2024-04-28 16:44:26.990823
4739000|2.1034|0|2024-04-28 16:44:26.990823
4738000|4.7359|0|2024-04-28 16:44:26.990823
4737000|7.0026|0|2024-04-28 16:44:26.990823
4736000|21.5443|0|2024-04-28 16:44:26.990823
4742000|3.7599|1|2024-04-28 16:44:26.992869
4743000|1.7247|1|2024-04-28 16:44:26.992869
4744000|3.59|1|2024-04-28 16:44:26.992869
4745000|18.0|1|2024-04-28 16:44:26.992869
4746000|5.3902|1|2024-04-28 16:44:26.992869
4740000|1.664|0|2024-04-28 16:44:32.102753
4739000|2.1034|0|2024-04-28 16:44:32.102753
4738000|4.7359|0|2024-04-28 16:44:32.102753
4737000|7.0026|0|2024-04-28 16:44:32.102753
4736000|20.338|0|2024-04-28 16:44:32.102753
4742000|3.7599|1|2024-04-28 16:44:32.104805
4744000|1.7194|1|2024-04-28 16:44:32.104805
4745000|18.0|1|2024-04-28 16:44:32.104805
4746000|6.5967|1|2024-04-28 16:44:32.104805
4747000|1.0|1|2024-04-28 16:44:32.104805
4740000|1.664|0|2024-04-28 16:44:37.246182
4739000|2.1034|0|2024-04-28 16:44:37.246182
4738000|0.0115|0|2024-04-28 16:44:37.246182
4737000|3.4126|0|2024-04-28 16:44:37.246182
4736000|23.9259|0|2024-04-28 16:44:37.246182
4742000|3.7599|1|2024-04-28 16:44:37.248221
4744000|3.59|1|2024-04-28 16:44:37.248221
4745000|18.0|1|2024-04-28 16:44:37.248221
4746000|6.5967|1|2024-04-28 16:44:37.248221
4747000|1.0|1|2024-04-28 16:44:37.248221
4741000|1.0|0|2024-04-28 16:44:42.369355
4740000|1.664|0|2024-04-28 16:44:42.369355
4738000|5.7058|0|2024-04-28 16:44:42.369355
4737000|3.4126|0|2024-04-28 16:44:42.369355
4736000|4.0|0|2024-04-28 16:44:42.369355
4742000|7.3499|1|2024-04-28 16:44:42.371398
4744000|3.59|1|2024-04-28 16:44:42.371398
4745000|18.0|1|2024-04-28 16:44:42.371398
4746000|2.8002|1|2024-04-28 16:44:42.371398
4747000|1.3353|1|2024-04-28 16:44:42.371398
4741000|1.0|0|2024-04-28 16:44:47.495717
4740000|1.664|0|2024-04-28 16:44:47.495717
4738000|5.7058|0|2024-04-28 16:44:47.495717
4737000|3.4126|0|2024-04-28 16:44:47.495717
4736000|4.0|0|2024-04-28 16:44:47.495717
4742000|7.242|1|2024-04-28 16:44:47.497719
4744000|3.59|1|2024-04-28 16:44:47.497719
4745000|18.0|1|2024-04-28 16:44:47.497719
4746000|4.0068|1|2024-04-28 16:44:47.497719
4747000|1.3353|1|2024-04-28 16:44:47.497719
4741000|1.0|0|2024-04-28 16:44:52.687728
4740000|1.664|0|2024-04-28 16:44:52.687728
4738000|5.7058|0|2024-04-28 16:44:52.687728
4737000|3.4126|0|2024-04-28 16:44:52.687728
4736000|4.0|0|2024-04-28 16:44:52.687728
4742000|7.242|1|2024-04-28 16:44:52.689843
4744000|3.59|1|2024-04-28 16:44:52.689843
4745000|19.2067|1|2024-04-28 16:44:52.689843
4746000|2.8002|1|2024-04-28 16:44:52.689843
4747000|1.3353|1|2024-04-28 16:44:52.689843
4741000|1.0|0|2024-04-28 16:44:57.859066
4740000|1.664|0|2024-04-28 16:44:57.859066
4738000|5.7058|0|2024-04-28 16:44:57.859066
4737000|3.4126|0|2024-04-28 16:44:57.859066
4736000|4.002|0|2024-04-28 16:44:57.859066
4742000|7.242|1|2024-04-28 16:44:57.861167
4744000|3.59|1|2024-04-28 16:44:57.861167
4745000|18.0|1|2024-04-28 16:44:57.861167
4746000|4.0068|1|2024-04-28 16:44:57.861167
4747000|1.3353|1|2024-04-28 16:44:57.861167
4741000|1.0|0|2024-04-28 16:45:03.012309
4740000|1.664|0|2024-04-28 16:45:03.012309
4738000|2.1158|0|2024-04-28 16:45:03.012309
4737000|7.0026|0|2024-04-28 16:45:03.012309
4736000|4.0|0|2024-04-28 16:45:03.012309
4742000|2.7669|1|2024-04-28 16:45:03.014458
4743000|1.7194|1|2024-04-28 16:45:03.014458
4744000|3.59|1|2024-04-28 16:45:03.014458
4745000|19.2067|1|2024-04-28 16:45:03.014458
4746000|2.8002|1|2024-04-28 16:45:03.014458
4742000|0.5412|0|2024-04-28 16:45:08.158204
4741000|1.0|0|2024-04-28 16:45:08.158204
4740000|1.0|0|2024-04-28 16:45:08.158204
4738000|6.8344|0|2024-04-28 16:45:08.158204
4737000|22.0026|0|2024-04-28 16:45:08.158204
4744000|5.3075|1|2024-04-28 16:45:08.160305
4745000|19.0|1|2024-04-28 16:45:08.160305
4746000|8.1702|1|2024-04-28 16:45:08.160305
4747000|1.3352|1|2024-04-28 16:45:08.160305
4748000|4.4343|1|2024-04-28 16:45:08.160305
4742000|0.5377|0|2024-04-28 16:45:13.308290
4741000|1.0|0|2024-04-28 16:45:13.308290
4740000|1.0|0|2024-04-28 16:45:13.308290
4738000|3.2444|0|2024-04-28 16:45:13.308290
4737000|22.0026|0|2024-04-28 16:45:13.308290
4744000|5.3075|1|2024-04-28 16:45:13.310423
4745000|19.0|1|2024-04-28 16:45:13.310423
4746000|8.1702|1|2024-04-28 16:45:13.310423
4747000|1.3352|1|2024-04-28 16:45:13.310423
4748000|4.4343|1|2024-04-28 16:45:13.310423
4742000|0.5377|0|2024-04-28 16:45:18.453659
4741000|1.0|0|2024-04-28 16:45:18.453659
4740000|1.0|0|2024-04-28 16:45:18.453659
4738000|2.1158|0|2024-04-28 16:45:18.453659
4737000|18.4126|0|2024-04-28 16:45:18.453659
4745000|3.0|1|2024-04-28 16:45:18.455709
4746000|18.8002|1|2024-04-28 16:45:18.455709
4747000|1.0|1|2024-04-28 16:45:18.455709
4748000|4.4343|1|2024-04-28 16:45:18.455709
4749000|71.9185|1|2024-04-28 16:45:18.455709
4742000|0.5377|0|2024-04-28 16:45:23.584101
4741000|1.0|0|2024-04-28 16:45:23.584101
4740000|4.59|0|2024-04-28 16:45:23.584101
4739000|1.2302|0|2024-04-28 16:45:23.584101
4738000|5.1158|0|2024-04-28 16:45:23.584101
4744000|3.59|1|2024-04-28 16:45:23.586320
4745000|1.7175|1|2024-04-28 16:45:23.586320
4746000|5.3902|1|2024-04-28 16:45:23.586320
4747000|1.3349|1|2024-04-28 16:45:23.586320
4748000|19.0|1|2024-04-28 16:45:23.586320
4742000|0.5377|0|2024-04-28 16:45:28.735883
4741000|1.0|0|2024-04-28 16:45:28.735883
4740000|1.0|0|2024-04-28 16:45:28.735883
4739000|4.8202|0|2024-04-28 16:45:28.735883
4738000|5.1158|0|2024-04-28 16:45:28.735883
4743000|3.59|1|2024-04-28 16:45:28.738041
4744000|1.7189|1|2024-04-28 16:45:28.738041
4745000|15.0|1|2024-04-28 16:45:28.738041
4746000|6.7255|1|2024-04-28 16:45:28.738041
4747000|1.0|1|2024-04-28 16:45:28.738041
4742000|0.5377|0|2024-04-28 16:45:33.850289
4741000|1.0|0|2024-04-28 16:45:33.850289
4740000|1.0|0|2024-04-28 16:45:33.850289
4738000|2.1158|0|2024-04-28 16:45:33.850289
4737000|21.9005|0|2024-04-28 16:45:33.850289
4743000|3.59|1|2024-04-28 16:45:33.852560
4744000|5.3089|1|2024-04-28 16:45:33.852560
4745000|19.0|1|2024-04-28 16:45:33.852560
4746000|8.5056|1|2024-04-28 16:45:33.852560
4747000|1.2738|1|2024-04-28 16:45:33.852560
4742000|0.5377|0|2024-04-28 16:45:38.970212
4741000|1.0|0|2024-04-28 16:45:38.970212
4740000|1.0|0|2024-04-28 16:45:38.970212
4738000|0.0115|0|2024-04-28 16:45:38.970212
4737000|1.4472|0|2024-04-28 16:45:38.970212
4743000|4.7081|1|2024-04-28 16:45:38.972258
4744000|7.5914|1|2024-04-28 16:45:38.972258
4745000|16.0|1|2024-04-28 16:45:38.972258
4746000|8.1702|1|2024-04-28 16:45:38.972258
4747000|1.7565|1|2024-04-28 16:45:38.972258
4742000|0.5377|0|2024-04-28 16:45:44.094833
4741000|1.0|0|2024-04-28 16:45:44.094833
4740000|1.0|0|2024-04-28 16:45:44.094833
4738000|4.7382|0|2024-04-28 16:45:44.094833
4737000|0.3105|0|2024-04-28 16:45:44.094833
4743000|4.7081|1|2024-04-28 16:45:44.096972
4744000|7.5914|1|2024-04-28 16:45:44.096972
4745000|16.0|1|2024-04-28 16:45:44.096972
4746000|8.505|1|2024-04-28 16:45:44.096972
4747000|1.0|1|2024-04-28 16:45:44.096972
4741000|1.0|0|2024-04-28 16:45:49.274373
4740000|1.0|0|2024-04-28 16:45:49.274373
4738000|3.6015|0|2024-04-28 16:45:49.274373
4737000|1.4471|0|2024-04-28 16:45:49.274373
4736000|19.4513|0|2024-04-28 16:45:49.274373
4743000|8.1703|1|2024-04-28 16:45:49.276539
4744000|7.5914|1|2024-04-28 16:45:49.276539
4745000|16.0|1|2024-04-28 16:45:49.276539
4746000|8.7789|1|2024-04-28 16:45:49.276539
4747000|1.0|1|2024-04-28 16:45:49.276539
4741000|1.0|0|2024-04-28 16:45:54.391849
4740000|1.0|0|2024-04-28 16:45:54.391849
4738000|3.6015|0|2024-04-28 16:45:54.391849
4737000|1.4471|0|2024-04-28 16:45:54.391849
4736000|22.59|0|2024-04-28 16:45:54.391849
4742000|3.59|1|2024-04-28 16:45:54.393949
4743000|5.1771|1|2024-04-28 16:45:54.393949
4744000|7.5914|1|2024-04-28 16:45:54.393949
4745000|16.0|1|2024-04-28 16:45:54.393949
4746000|8.5054|1|2024-04-28 16:45:54.393949
4741000|1.0|0|2024-04-28 16:45:59.533185
4740000|1.0|0|2024-04-28 16:45:59.533185
4739000|3.59|0|2024-04-28 16:45:59.533185
4738000|19.8405|0|2024-04-28 16:45:59.533185
4737000|3.3105|0|2024-04-28 16:45:59.533185
4742000|3.4622|1|2024-04-28 16:45:59.535300
4744000|0.0014|1|2024-04-28 16:45:59.535300
4745000|1.7149|1|2024-04-28 16:45:59.535300
4746000|2.8002|1|2024-04-28 16:45:59.535300
4747000|23.18|1|2024-04-28 16:45:59.535300
4741000|1.0|0|2024-04-28 16:46:04.648743
4740000|1.0|0|2024-04-28 16:46:04.648743
4738000|16.2505|0|2024-04-28 16:46:04.648743
4737000|3.3105|0|2024-04-28 16:46:04.648743
4736000|5.5424|0|2024-04-28 16:46:04.648743
4742000|3.4611|1|2024-04-28 16:46:04.650770
4744000|0.0014|1|2024-04-28 16:46:04.650770
4745000|1.7149|1|2024-04-28 16:46:04.650770
4746000|1.8002|1|2024-04-28 16:46:04.650770
4747000|17.2064|1|2024-04-28 16:46:04.650770
4741000|0.9986|0|2024-04-28 16:46:09.767407
4740000|4.59|0|2024-04-28 16:46:09.767407
4738000|19.8405|0|2024-04-28 16:46:09.767407
4737000|3.3105|0|2024-04-28 16:46:09.767407
4736000|5.3379|0|2024-04-28 16:46:09.767407
4742000|3.4611|1|2024-04-28 16:46:09.769396
4744000|3.5914|1|2024-04-28 16:46:09.769396
4746000|6.5969|1|2024-04-28 16:46:09.769396
4747000|16.0|1|2024-04-28 16:46:09.769396
4748000|9.705|1|2024-04-28 16:46:09.769396
4741000|0.9986|0|2024-04-28 16:46:14.879345
4740000|1.0|0|2024-04-28 16:46:14.879345
4738000|1.2505|0|2024-04-28 16:46:14.879345
4737000|21.9005|0|2024-04-28 16:46:14.879345
4736000|6.5443|0|2024-04-28 16:46:14.879345
4742000|3.4611|1|2024-04-28 16:46:14.881347
4744000|0.0014|1|2024-04-28 16:46:14.881347
4745000|1.7149|1|2024-04-28 16:46:14.881347
4746000|1.8002|1|2024-04-28 16:46:14.881347
4747000|17.2064|1|2024-04-28 16:46:14.881347
4741000|0.9986|0|2024-04-28 16:46:20.052211
4740000|3.1052|0|2024-04-28 16:46:20.052211
4738000|7.8399|0|2024-04-28 16:46:20.052211
4737000|18.6465|0|2024-04-28 16:46:20.052211
4736000|8.592|0|2024-04-28 16:46:20.052211
4742000|3.4611|1|2024-04-28 16:46:20.054203
4744000|0.0014|1|2024-04-28 16:46:20.054203
4745000|1.7149|1|2024-04-28 16:46:20.054203
4746000|1.8002|1|2024-04-28 16:46:20.054203
4747000|16.0|1|2024-04-28 16:46:20.054203
4741000|0.9986|0|2024-04-28 16:46:25.181485
4740000|1.0|0|2024-04-28 16:46:25.181485
4739000|2.1052|0|2024-04-28 16:46:25.181485
4738000|7.8399|0|2024-04-28 16:46:25.181485
4737000|19.8527|0|2024-04-28 16:46:25.181485
4742000|3.4611|1|2024-04-28 16:46:25.183649
4744000|0.0014|1|2024-04-28 16:46:25.183649
4745000|1.7149|1|2024-04-28 16:46:25.183649
4746000|1.8002|1|2024-04-28 16:46:25.183649
4747000|16.0|1|2024-04-28 16:46:25.183649
4740000|1.0|0|2024-04-28 16:46:30.312529
4739000|2.1052|0|2024-04-28 16:46:30.312529
4738000|7.8399|0|2024-04-28 16:46:30.312529
4737000|19.8528|0|2024-04-28 16:46:30.312529
4736000|8.592|0|2024-04-28 16:46:30.312529
4741000|2.0427|1|2024-04-28 16:46:30.314497
4744000|0.0014|1|2024-04-28 16:46:30.314497
4745000|1.7149|1|2024-04-28 16:46:30.314497
4746000|1.8002|1|2024-04-28 16:46:30.314497
4747000|16.0|1|2024-04-28 16:46:30.314497
4741000|0.0499|0|2024-04-28 16:46:35.428520
4740000|3.1052|0|2024-04-28 16:46:35.428520
4739000|1.7108|0|2024-04-28 16:46:35.428520
4738000|7.0393|0|2024-04-28 16:46:35.428520
4737000|19.9675|0|2024-04-28 16:46:35.428520
4746000|3.4338|1|2024-04-28 16:46:35.430534
4747000|16.0|1|2024-04-28 16:46:35.430534
4748000|5.2062|1|2024-04-28 16:46:35.430534
4749000|5.0191|1|2024-04-28 16:46:35.430534
4750000|1.3673|1|2024-04-28 16:46:35.430534
4741000|1.7136|0|2024-04-28 16:46:40.586503
4740000|18.1052|0|2024-04-28 16:46:40.586503
4738000|3.4493|0|2024-04-28 16:46:40.586503
4737000|4.7612|0|2024-04-28 16:46:40.586503
4736000|5.0|0|2024-04-28 16:46:40.586503
4746000|1.6364|1|2024-04-28 16:46:40.588622
4747000|15.0|1|2024-04-28 16:46:40.588622
4748000|5.2062|1|2024-04-28 16:46:40.588622
4749000|8.0191|1|2024-04-28 16:46:40.588622
4750000|1.3673|1|2024-04-28 16:46:40.588622
4740000|4.9209|0|2024-04-28 16:46:45.723911
4739000|21.59|0|2024-04-28 16:46:45.723911
4738000|4.2173|0|2024-04-28 16:46:45.723911
4737000|8.3512|0|2024-04-28 16:46:45.723911
4736000|5.002|0|2024-04-28 16:46:45.723911
4746000|0.0028|1|2024-04-28 16:46:45.726029
4747000|1.6336|1|2024-04-28 16:46:45.726029
4748000|19.0|1|2024-04-28 16:46:45.726029
4749000|5.5402|1|2024-04-28 16:46:45.726029
4750000|8.0462|1|2024-04-28 16:46:45.726029
4740000|4.8188|0|2024-04-28 16:46:50.842287
4739000|21.6921|0|2024-04-28 16:46:50.842287
4738000|4.2173|0|2024-04-28 16:46:50.842287
4737000|8.687|0|2024-04-28 16:46:50.842287
4736000|5.0|0|2024-04-28 16:46:50.842287
4744000|5.0|1|2024-04-28 16:46:50.844332
4746000|0.0028|1|2024-04-28 16:46:50.844332
4747000|1.6336|1|2024-04-28 16:46:50.844332
4748000|19.0|1|2024-04-28 16:46:50.844332
4749000|5.2057|1|2024-04-28 16:46:50.844332
4741000|1.0|0|2024-04-28 16:46:55.966761
4740000|3.1052|0|2024-04-28 16:46:55.966761
4739000|4.8157|0|2024-04-28 16:46:55.966761
4738000|21.6015|0|2024-04-28 16:46:55.966761
4737000|5.8525|0|2024-04-28 16:46:55.966761
4744000|5.0|1|2024-04-28 16:46:55.968881
4745000|1.6329|1|2024-04-28 16:46:55.968881
4746000|15.0028|1|2024-04-28 16:46:55.968881
4747000|3.0|1|2024-04-28 16:46:55.968881
4748000|5.2061|1|2024-04-28 16:46:55.968881
4742000|3.5765|0|2024-04-28 16:47:01.099319
4741000|1.0|0|2024-04-28 16:47:01.099319
4740000|4.8188|0|2024-04-28 16:47:01.099319
4739000|3.1021|0|2024-04-28 16:47:01.099319
4738000|21.6015|0|2024-04-28 16:47:01.099319
4744000|4.9989|1|2024-04-28 16:47:01.101314
4745000|1.6329|1|2024-04-28 16:47:01.101314
4746000|15.0028|1|2024-04-28 16:47:01.101314
4747000|3.0|1|2024-04-28 16:47:01.101314
4748000|5.2061|1|2024-04-28 16:47:01.101314
4742000|3.5765|0|2024-04-28 16:47:06.217042
4741000|2.7136|0|2024-04-28 16:47:06.217042
4740000|3.1052|0|2024-04-28 16:47:06.217042
4739000|3.1021|0|2024-04-28 16:47:06.217042
4738000|21.6015|0|2024-04-28 16:47:06.217042
4744000|4.9989|1|2024-04-28 16:47:06.219308
4745000|1.6329|1|2024-04-28 16:47:06.219308
4746000|15.0028|1|2024-04-28 16:47:06.219308
4747000|3.0|1|2024-04-28 16:47:06.219308
4748000|5.2061|1|2024-04-28 16:47:06.219308
4742000|0.1339|0|2024-04-28 16:47:11.337778
4741000|1.0|0|2024-04-28 16:47:11.337778
4740000|4.8184|0|2024-04-28 16:47:11.337778
4739000|6.6921|0|2024-04-28 16:47:11.337778
4738000|18.347|0|2024-04-28 16:47:11.337778
4744000|4.9989|1|2024-04-28 16:47:11.340057
4745000|1.6329|1|2024-04-28 16:47:11.340057
4746000|15.0028|1|2024-04-28 16:47:11.340057
4747000|3.0|1|2024-04-28 16:47:11.340057
4748000|5.2061|1|2024-04-28 16:47:11.340057
4741000|1.0|0|2024-04-28 16:47:16.457353
4740000|1.0|0|2024-04-28 16:47:16.457353
4738000|3.0115|0|2024-04-28 16:47:16.457353
4737000|23.2362|0|2024-04-28 16:47:16.457353
4736000|5.42|0|2024-04-28 16:47:16.457353
4744000|4.9989|1|2024-04-28 16:47:16.459528
4745000|1.6329|1|2024-04-28 16:47:16.459528
4746000|18.0028|1|2024-04-28 16:47:16.459528
4747000|3.0|1|2024-04-28 16:47:16.459528
4748000|4.0|1|2024-04-28 16:47:16.459528
4741000|1.0|0|2024-04-28 16:47:21.580451
4740000|1.0|0|2024-04-28 16:47:21.580451
4739000|2.1048|0|2024-04-28 16:47:21.580451
4738000|1.8413|0|2024-04-28 16:47:21.580451
4737000|18.3125|0|2024-04-28 16:47:21.580451
4742000|5.0|1|2024-04-28 16:47:21.582470
4744000|4.9989|1|2024-04-28 16:47:21.582470
4746000|18.0028|1|2024-04-28 16:47:21.582470
4747000|4.0|1|2024-04-28 16:47:21.582470
4748000|4.3352|1|2024-04-28 16:47:21.582470
4741000|1.0|0|2024-04-28 16:47:26.697699
4740000|1.0|0|2024-04-28 16:47:26.697699
4739000|2.1048|0|2024-04-28 16:47:26.697699
4738000|1.8413|0|2024-04-28 16:47:26.697699
4737000|18.3125|0|2024-04-28 16:47:26.697699
4742000|5.0|1|2024-04-28 16:47:26.699707
4744000|4.9989|1|2024-04-28 16:47:26.699707
4746000|18.0028|1|2024-04-28 16:47:26.699707
4747000|5.2064|1|2024-04-28 16:47:26.699707
4748000|4.0|1|2024-04-28 16:47:26.699707
4740000|3.1048|0|2024-04-28 16:47:31.847073
4739000|5.319|0|2024-04-28 16:47:31.847073
4738000|3.4495|0|2024-04-28 16:47:31.847073
4737000|19.3125|0|2024-04-28 16:47:31.847073
4736000|8.592|0|2024-04-28 16:47:31.847073
4742000|4.8856|1|2024-04-28 16:47:31.849063
4744000|4.9989|1|2024-04-28 16:47:31.849063
4746000|18.0028|1|2024-04-28 16:47:31.849063
4747000|3.4301|1|2024-04-28 16:47:31.849063
4748000|4.0|1|2024-04-28 16:47:31.849063
4740000|3.1048|0|2024-04-28 16:47:36.964523
4739000|6.5249|0|2024-04-28 16:47:36.964523
4738000|3.4495|0|2024-04-28 16:47:36.964523
4737000|19.3105|0|2024-04-28 16:47:36.964523
4736000|8.59|0|2024-04-28 16:47:36.964523
4742000|3.3558|1|2024-04-28 16:47:36.966618
4744000|4.9989|1|2024-04-28 16:47:36.966618
4746000|18.0028|1|2024-04-28 16:47:36.966618
4747000|3.4301|1|2024-04-28 16:47:36.966618
4748000|4.0|1|2024-04-28 16:47:36.966618
4739000|8.6297|0|2024-04-28 16:47:42.078104
4738000|3.3474|0|2024-04-28 16:47:42.078104
4737000|19.4146|0|2024-04-28 16:47:42.078104
4736000|8.592|0|2024-04-28 16:47:42.078104
4735000|4.0132|0|2024-04-28 16:47:42.078104
4742000|3.3012|1|2024-04-28 16:47:42.080242
4744000|4.9989|1|2024-04-28 16:47:42.080242
4746000|18.0028|1|2024-04-28 16:47:42.080242
4747000|3.4301|1|2024-04-28 16:47:42.080242
4748000|4.0|1|2024-04-28 16:47:42.080242
4739000|6.5039|0|2024-04-28 16:47:47.235932
4738000|5.4522|0|2024-04-28 16:47:47.235932
4737000|19.4126|0|2024-04-28 16:47:47.235932
4736000|8.59|0|2024-04-28 16:47:47.235932
4735000|4.0112|0|2024-04-28 16:47:47.235932
4742000|3.3012|1|2024-04-28 16:47:47.238059
4744000|4.9989|1|2024-04-28 16:47:47.238059
4746000|18.0028|1|2024-04-28 16:47:47.238059
4747000|3.4301|1|2024-04-28 16:47:47.238059
4748000|4.0|1|2024-04-28 16:47:47.238059
4739000|1.2059|0|2024-04-28 16:47:52.360281
4738000|5.4522|0|2024-04-28 16:47:52.360281
4737000|19.4126|0|2024-04-28 16:47:52.360281
4736000|5.002|0|2024-04-28 16:47:52.360281
4735000|11.1932|0|2024-04-28 16:47:52.360281
4742000|3.3012|1|2024-04-28 16:47:52.362268
4743000|1.7798|1|2024-04-28 16:47:52.362268
4744000|4.9989|1|2024-04-28 16:47:52.362268
4746000|18.0028|1|2024-04-28 16:47:52.362268
4747000|3.4301|1|2024-04-28 16:47:52.362268
4738000|6.3228|0|2024-04-28 16:47:57.477405
4737000|4.646|0|2024-04-28 16:47:57.477405
4736000|20.1021|0|2024-04-28 16:47:57.477405
4735000|11.1912|0|2024-04-28 16:47:57.477405
4734000|1.4717|0|2024-04-28 16:47:57.477405
4739000|4.0939|1|2024-04-28 16:47:57.479443
4742000|3.3012|1|2024-04-28 16:47:57.479443
4744000|4.9989|1|2024-04-28 16:47:57.479443
4745000|0.4514|1|2024-04-28 16:47:57.479443
4746000|18.0028|1|2024-04-28 16:47:57.479443
4738000|5.1167|0|2024-04-28 16:48:02.590308
4737000|3.6462|0|2024-04-28 16:48:02.590308
4736000|20.1041|0|2024-04-28 16:48:02.590308
4735000|11.1932|0|2024-04-28 16:48:02.590308
4734000|1.4737|0|2024-04-28 16:48:02.590308
4739000|3.445|1|2024-04-28 16:48:02.592382
4742000|5.0551|1|2024-04-28 16:48:02.592382
4743000|15.0|1|2024-04-28 16:48:02.592382
4744000|4.9989|1|2024-04-28 16:48:02.592382
4745000|0.4514|1|2024-04-28 16:48:02.592382
4738000|3.6015|0|2024-04-28 16:48:07.722502
4737000|6.622|0|2024-04-28 16:48:07.722502
4736000|8.9256|0|2024-04-28 16:48:07.722502
4735000|19.1153|0|2024-04-28 16:48:07.722502
4734000|1.4737|0|2024-04-28 16:48:07.722502
4739000|3.1782|1|2024-04-28 16:48:07.724667
4742000|5.0551|1|2024-04-28 16:48:07.724667
4743000|15.0|1|2024-04-28 16:48:07.724667
4744000|4.9989|1|2024-04-28 16:48:07.724667
4745000|3.4514|1|2024-04-28 16:48:07.724667
4738000|0.0115|0|2024-04-28 16:48:12.867323
4737000|5.4157|0|2024-04-28 16:48:12.867323
4736000|8.7965|0|2024-04-28 16:48:12.867323
4735000|4.4512|0|2024-04-28 16:48:12.867323
4734000|23.0637|0|2024-04-28 16:48:12.867323
4739000|2.8802|1|2024-04-28 16:48:12.869345
4741000|1.7465|1|2024-04-28 16:48:12.869345
4742000|3.3012|1|2024-04-28 16:48:12.869345
4743000|15.0|1|2024-04-28 16:48:12.869345
4744000|4.9989|1|2024-04-28 16:48:12.869345
4737000|6.0013|0|2024-04-28 16:48:17.979895
4736000|9.1321|0|2024-04-28 16:48:17.979895
4735000|4.1153|0|2024-04-28 16:48:17.979895
4734000|19.0231|0|2024-04-28 16:48:17.979895
4733000|1.1651|0|2024-04-28 16:48:17.979895
4739000|2.8605|1|2024-04-28 16:48:17.982329
4741000|1.7465|1|2024-04-28 16:48:17.982329
4742000|3.3012|1|2024-04-28 16:48:17.982329
4743000|15.0|1|2024-04-28 16:48:17.982329
4744000|4.9989|1|2024-04-28 16:48:17.982329
4737000|0.3016|0|2024-04-28 16:48:23.111967
4736000|6.441|0|2024-04-28 16:48:23.111967
4735000|3.1133|0|2024-04-28 16:48:23.111967
4734000|22.6111|0|2024-04-28 16:48:23.111967
4733000|7.7531|0|2024-04-28 16:48:23.111967
4739000|0.7006|1|2024-04-28 16:48:23.113943
4741000|1.7501|1|2024-04-28 16:48:23.113943
4742000|3.3012|1|2024-04-28 16:48:23.113943
4743000|15.0|1|2024-04-28 16:48:23.113943
4744000|7.9989|1|2024-04-28 16:48:23.113943
4737000|0.3002|0|2024-04-28 16:48:28.235147
4736000|1.0|0|2024-04-28 16:48:28.235147
4735000|3.3491|0|2024-04-28 16:48:28.235147
4734000|6.6131|0|2024-04-28 16:48:28.235147
4733000|22.7551|0|2024-04-28 16:48:28.235147
4739000|0.5637|1|2024-04-28 16:48:28.237318
4740000|1.7501|1|2024-04-28 16:48:28.237318
4741000|15.0|1|2024-04-28 16:48:28.237318
4743000|3.0|1|2024-04-28 16:48:28.237318
4744000|8.9989|1|2024-04-28 16:48:28.237318
4737000|0.246|0|2024-04-28 16:48:33.359261
4736000|1.0|0|2024-04-28 16:48:33.359261
4735000|1.5539|0|2024-04-28 16:48:33.359261
4734000|8.7168|0|2024-04-28 16:48:33.359261
4733000|6.8552|0|2024-04-28 16:48:33.359261
4739000|0.4762|1|2024-04-28 16:48:33.363434
4740000|1.7501|1|2024-04-28 16:48:33.363434
4741000|15.0|1|2024-04-28 16:48:33.363434
4742000|3.0|1|2024-04-28 16:48:33.363434
4743000|4.4256|1|2024-04-28 16:48:33.363434
4737000|4.5381|0|2024-04-28 16:48:38.475381
4736000|1.0|0|2024-04-28 16:48:38.475381
4735000|1.5559|0|2024-04-28 16:48:38.475381
4734000|6.6131|0|2024-04-28 16:48:38.475381
4733000|6.8572|0|2024-04-28 16:48:38.475381
4738000|1.906|1|2024-04-28 16:48:38.477514
4739000|0.2335|1|2024-04-28 16:48:38.477514
4740000|1.7501|1|2024-04-28 16:48:38.477514
4741000|15.0|1|2024-04-28 16:48:38.477514
4742000|3.0|1|2024-04-28 16:48:38.477514
4737000|4.5294|0|2024-04-28 16:48:43.593098
4736000|1.0|0|2024-04-28 16:48:43.593098
4735000|0.0132|0|2024-04-28 16:48:43.593098
4734000|0.3588|0|2024-04-28 16:48:43.593098
4733000|6.8572|0|2024-04-28 16:48:43.593098
4739000|0.2222|1|2024-04-28 16:48:43.595175
4740000|1.7501|1|2024-04-28 16:48:43.595175
4741000|15.0|1|2024-04-28 16:48:43.595175
4742000|3.0|1|2024-04-28 16:48:43.595175
4743000|4.0|1|2024-04-28 16:48:43.595175
4737000|4.5294|0|2024-04-28 16:48:48.720863
4736000|1.0|0|2024-04-28 16:48:48.720863
4735000|0.0132|0|2024-04-28 16:48:48.720863
4734000|0.0231|0|2024-04-28 16:48:48.720863
4733000|5.4009|0|2024-04-28 16:48:48.720863
4739000|1.7402|1|2024-04-28 16:48:48.722853
4740000|18.0|1|2024-04-28 16:48:48.722853
4741000|3.0|1|2024-04-28 16:48:48.722853
4742000|4.0|1|2024-04-28 16:48:48.722853
4743000|4.0|1|2024-04-28 16:48:48.722853
4737000|4.5294|0|2024-04-28 16:48:53.841320
4736000|1.002|0|2024-04-28 16:48:53.841320
4735000|1.3224|0|2024-04-28 16:48:53.841320
4734000|0.8273|0|2024-04-28 16:48:53.841320
4733000|21.7561|0|2024-04-28 16:48:53.841320
4741000|3.0|1|2024-04-28 16:48:53.843397
4742000|18.0|1|2024-04-28 16:48:53.843397
4743000|4.0|1|2024-04-28 16:48:53.843397
4744000|8.9989|1|2024-04-28 16:48:53.843397
4745000|1.4514|1|2024-04-28 16:48:53.843397
4737000|3.59|0|2024-04-28 16:48:58.963356
4736000|4.59|0|2024-04-28 16:48:58.963356
4735000|1.554|0|2024-04-28 16:48:58.963356
4734000|7.4976|0|2024-04-28 16:48:58.963356
4733000|18.1631|0|2024-04-28 16:48:58.963356
4741000|4.7462|1|2024-04-28 16:48:58.965473
4742000|18.1021|1|2024-04-28 16:48:58.965473
4743000|7.59|1|2024-04-28 16:48:58.965473
4744000|8.9989|1|2024-04-28 16:48:58.965473
4745000|5.0414|1|2024-04-28 16:48:58.965473
4736000|4.592|0|2024-04-28 16:49:04.081090
4735000|5.1464|0|2024-04-28 16:49:04.081090
4734000|5.3931|0|2024-04-28 16:49:04.081090
4733000|18.1661|0|2024-04-28 16:49:04.081090
4732000|9.374|0|2024-04-28 16:49:04.081090
4741000|4.7462|1|2024-04-28 16:49:04.083241
4742000|18.1021|1|2024-04-28 16:49:04.083241
4743000|7.59|1|2024-04-28 16:49:04.083241
4744000|4.0|1|2024-04-28 16:49:04.083241
4745000|5.0414|1|2024-04-28 16:49:04.083241
4736000|1.0|0|2024-04-28 16:49:09.196891
4735000|1.2183|0|2024-04-28 16:49:09.196891
4734000|5.7176|0|2024-04-28 16:49:09.196891
4733000|22.089|0|2024-04-28 16:49:09.196891
4732000|4.0|0|2024-04-28 16:49:09.196891
4737000|4.9246|1|2024-04-28 16:49:09.198839
4740000|1.7523|1|2024-04-28 16:49:09.198839
4741000|2.9886|1|2024-04-28 16:49:09.198839
4742000|18.1021|1|2024-04-28 16:49:09.198839
4743000|4.4353|1|2024-04-28 16:49:09.198839
4736000|1.0|0|2024-04-28 16:49:14.320047
4735000|0.0132|0|2024-04-28 16:49:14.320047
4734000|6.9269|0|2024-04-28 16:49:14.320047
4733000|7.0908|0|2024-04-28 16:49:14.320047
4732000|19.003|0|2024-04-28 16:49:14.320047
4737000|0.9104|1|2024-04-28 16:49:14.322225
4740000|1.7523|1|2024-04-28 16:49:14.322225
4741000|2.9886|1|2024-04-28 16:49:14.322225
4742000|18.1021|1|2024-04-28 16:49:14.322225
4743000|8.0253|1|2024-04-28 16:49:14.322225
4736000|2.2069|0|2024-04-28 16:49:19.445162
4735000|5.1197|0|2024-04-28 16:49:19.445162
4734000|3.359|0|2024-04-28 16:49:19.445162
4733000|7.7551|0|2024-04-28 16:49:19.445162
4732000|19.003|0|2024-04-28 16:49:19.445162
4737000|0.5448|1|2024-04-28 16:49:19.447390
4741000|1.7698|1|2024-04-28 16:49:19.447390
4742000|15.1021|1|2024-04-28 16:49:19.447390
4743000|3.4353|1|2024-04-28 16:49:19.447390
4744000|4.0|1|2024-04-28 16:49:19.447390
4735000|0.0112|0|2024-04-28 16:49:24.588750
4734000|2.1296|0|2024-04-28 16:49:24.588750
4733000|7.9625|0|2024-04-28 16:49:24.588750
4732000|22.593|0|2024-04-28 16:49:24.588750
4731000|9.3821|0|2024-04-28 16:49:24.588750
4739000|1.7614|1|2024-04-28 16:49:24.590738
4740000|15.0|1|2024-04-28 16:49:24.590738
4741000|3.1021|1|2024-04-28 16:49:24.590738
4743000|4.4353|1|2024-04-28 16:49:24.590738
4744000|5.2074|1|2024-04-28 16:49:24.590738
4737000|0.001|0|2024-04-28 16:49:29.706557
4736000|3.592|0|2024-04-28 16:49:29.706557
4735000|3.6032|0|2024-04-28 16:49:29.706557
4734000|2.1296|0|2024-04-28 16:49:29.706557
